<?xml version="1.0" encoding="UTF-8"?>
<!DOCTYPE html PUBLIC "-//W3C//DTD XHTML 1.0 Transitional//EN"
    "http://www.w3.org/TR/xhtml1/DTD/xhtml1-transitional.dtd">
<html xmlns="http://www.w3.org/1999/xhtml" xml:lang="en" lang="en">
 <head>
  <title>
</title>
<meta http-equiv="Content-Type" content="text/html;charset=utf-8" />
  <meta name='ocr-system' content='tesseract 3.04.00' />
  <meta name='ocr-capabilities' content='ocr_page ocr_carea ocr_par ocr_line ocrx_word'/>
</head>
<body>
  <div class='ocr_page' id='page_1' title='image "4737875_0052.png"; bbox 0 0 1751 3147; ppageno 0'>
   <div class='ocr_carea' id='block_1_1' title="bbox 125 135 1064 190">
    <p class='ocr_par' dir='ltr' id='par_1_1' title="bbox 125 135 1064 190">
     <span class='ocr_line' id='line_1_1' title="bbox 125 135 1064 190; baseline -0.012 -4"><span class='ocrx_word' id='word_1_1' title='bbox 125 136 182 177; x_wconf 80' lang='grc'><strong>46</strong></span> <span class='ocrx_word' id='word_1_2' title='bbox 714 159 769 165; x_wconf 87' lang='grc'>-</span> <span class='ocrx_word' id='word_1_3' title='bbox 832 135 944 190; x_wconf 85' lang='lat'>[248]</span> <span class='ocrx_word' id='word_1_4' title='bbox 1007 159 1064 165; x_wconf 89' lang='lat'><strong>—</strong></span> 
     </span>
    </p>
   </div>
   <div class='ocr_carea' id='block_1_2' title="bbox 223 258 1572 383">
    <p class='ocr_par' dir='ltr' id='par_1_2' title="bbox 223 258 1572 383">
     <span class='ocr_line' id='line_1_2' title="bbox 244 258 1139 314; baseline -0.044 2"><span class='ocrx_word' id='word_1_5' title='bbox 244 261 306 314; x_wconf 75' lang='lat'><strong>16)</strong></span> <span class='ocrx_word' id='word_1_6' title='bbox 343 258 383 302; x_wconf 82' lang='lat' dir='ltr'>P</span> <span class='ocrx_word' id='word_1_7' title='bbox 413 259 474 302; x_wconf 82' lang='lat' dir='ltr'><strong>IV</strong></span> <span class='ocrx_word' id='word_1_8' title='bbox 504 262 557 303; x_wconf 85' lang='grc'><strong>86</strong></span> <span class='ocrx_word' id='word_1_9' title='bbox 621 293 629 302; x_wconf 92' lang='grc'><strong>.</strong></span> <span class='ocrx_word' id='word_1_10' title='bbox 658 294 666 302; x_wconf 89' lang='grc'><strong>.</strong></span> <span class='ocrx_word' id='word_1_11' title='bbox 697 294 706 303; x_wconf 81' lang='grc'><em>,</em></span> <span class='ocrx_word' id='word_1_12' title='bbox 741 260 1139 291; x_wconf 53' lang='grc' dir='ltr'><strong>--ὐ---ὐι-ι</strong></span> 
     </span>
     <span class='ocr_line' id='line_1_3' title="bbox 223 324 1572 383; baseline -0.02 3"><span class='ocrx_word' id='word_1_13' title='bbox 223 361 232 369; x_wconf 93' lang='grc'><em>·</em></span> <span class='ocrx_word' id='word_1_14' title='bbox 262 361 272 370; x_wconf 86' lang='grc'><em>·</em></span> <span class='ocrx_word' id='word_1_15' title='bbox 306 326 456 381; x_wconf 64' lang='grc' dir='ltr'><em>ἔμπας</em></span> <span class='ocrx_word' id='word_1_16' title='bbox 486 343 553 377; x_wconf 73' lang='grc' dir='ltr'><strong>τις</strong></span> <span class='ocrx_word' id='word_1_17' title='bbox 583 324 712 371; x_wconf 83' lang='grc' dir='ltr'><em>εἶπεν</em></span> <span class='ocrx_word' id='word_1_18' title='bbox 741 328 817 370; x_wconf 84' lang='grc' dir='ltr'><strong>καὶ</strong></span> <span class='ocrx_word' id='word_1_19' title='bbox 846 325 962 370; x_wconf 81' lang='grc' dir='ltr'><em>τόδε.</em></span> <span class='ocrx_word' id='word_1_20' title='bbox 1026 327 1091 380; x_wconf 81' lang='lat'><strong>31,</strong></span> <span class='ocrx_word' id='word_1_21' title='bbox 1129 330 1207 383; x_wconf 61' lang='lat' dir='ltr'><strong>ap,</strong></span> <span class='ocrx_word' id='word_1_22' title='bbox 1243 327 1341 380; x_wconf 86' lang='lat' dir='ltr'><strong>2br‚</strong></span> <span class='ocrx_word' id='word_1_23' title='bbox 1379 327 1444 378; x_wconf 73' lang='lat'><strong>31,</strong></span> <span class='ocrx_word' id='word_1_24' title='bbox 1479 326 1572 369; x_wconf 78' lang='lat' dir='ltr'><strong>2ih.</strong></span> 
     </span>
    </p>
   </div>
   <div class='ocr_carea' id='block_1_3' title="bbox 124 404 1671 1074">
    <p class='ocr_par' dir='ltr' id='par_1_3' title="bbox 124 404 1671 1074">
     <span class='ocr_line' id='line_1_4' title="bbox 238 404 1637 463; baseline -0.001 -14"><span class='ocrx_word' id='word_1_25' title='bbox 238 406 332 449; x_wconf 91' lang='lat' dir='ltr'><strong>Hoc</strong></span> <span class='ocrx_word' id='word_1_26' title='bbox 361 406 453 450; x_wconf 92' lang='lat' dir='ltr'><strong>loco</strong></span> <span class='ocrx_word' id='word_1_27' title='bbox 483 404 625 449; x_wconf 84' lang='lat' dir='ltr'><strong>exitus</strong></span> <span class='ocrx_word' id='word_1_28' title='bbox 653 405 928 463; x_wconf 84' lang='lat' dir='ltr'><strong>imperfectus</strong></span> <span class='ocrx_word' id='word_1_29' title='bbox 958 405 1178 461; x_wconf 87' lang='lat' dir='ltr'><strong>quaesitus</strong></span> <span class='ocrx_word' id='word_1_30' title='bbox 1207 418 1303 450; x_wconf 91' lang='lat' dir='ltr'><strong>esse</strong></span> <span class='ocrx_word' id='word_1_31' title='bbox 1334 404 1502 449; x_wconf 87' lang='lat' dir='ltr'><strong>videtur</strong></span> <span class='ocrx_word' id='word_1_32' title='bbox 1527 404 1637 449; x_wconf 88' lang='lat' dir='ltr'><strong>sicut</strong></span> 
     </span>
     <span class='ocr_line' id='line_1_5' title="bbox 125 471 1634 530; baseline 0 -15"><span class='ocrx_word' id='word_1_33' title='bbox 125 473 161 516; x_wconf 90' lang='lat'>0</span> <span class='ocrx_word' id='word_1_34' title='bbox 186 474 294 515; x_wconf 85' lang='lat' dir='ltr'>XIII</span> <span class='ocrx_word' id='word_1_35' title='bbox 319 487 388 530; x_wconf 64' lang='lat' dir='ltr'><strong>ep.⁴</strong></span> <span class='ocrx_word' id='word_1_36' title='bbox 412 477 452 523; x_wconf 87' lang='lat'><strong>4,</strong></span> <span class='ocrx_word' id='word_1_37' title='bbox 488 473 567 517; x_wconf 88' lang='lat' dir='ltr'><strong>sed</strong></span> <span class='ocrx_word' id='word_1_38' title='bbox 596 474 852 517; x_wconf 88' lang='lat' dir='ltr'><strong>monendum</strong></span> <span class='ocrx_word' id='word_1_39' title='bbox 882 473 1043 517; x_wconf 84' lang='lat' dir='ltr'><strong>exitum</strong></span> <span class='ocrx_word' id='word_1_40' title='bbox 1073 471 1188 527; x_wconf 81' lang='grc' dir='ltr'><em>τόδε,</em></span> <span class='ocrx_word' id='word_1_41' title='bbox 1224 487 1360 529; x_wconf 88' lang='lat' dir='ltr'><strong>aeque</strong></span> <span class='ocrx_word' id='word_1_42' title='bbox 1389 477 1516 528; x_wconf 81' lang='lat' dir='ltr'><strong>atque</strong></span> <span class='ocrx_word' id='word_1_43' title='bbox 1545 472 1634 515; x_wconf 90' lang='lat' dir='ltr'><strong>illic</strong></span> 
     </span>
     <span class='ocr_line' id='line_1_6' title="bbox 124 538 1637 599; baseline 0 -15"><span class='ocrx_word' id='word_1_44' title='bbox 124 543 267 598; x_wconf 82' lang='grc' dir='ltr'><strong><em>μέτρα</em></strong></span> <span class='ocrx_word' id='word_1_45' title='bbox 297 546 341 586; x_wconf 86' lang='lat' dir='ltr'><strong>et</strong></span> <span class='ocrx_word' id='word_1_46' title='bbox 370 538 676 599; x_wconf 83' lang='grc' dir='ltr'><strong><em>ἀριστεύσατε,</em></strong></span> <span class='ocrx_word' id='word_1_47' title='bbox 709 541 755 585; x_wconf 83' lang='grc' dir='ltr'><strong>ἱιι</strong></span> <span class='ocrx_word' id='word_1_48' title='bbox 781 541 836 585; x_wconf 90' lang='lat' dir='ltr'><strong>iis</strong></span> <span class='ocrx_word' id='word_1_49' title='bbox 866 540 1124 585; x_wconf 80' lang='lat' dir='ltr'><strong>carminibus</strong></span> <span class='ocrx_word' id='word_1_50' title='bbox 1154 554 1265 597; x_wconf 89' lang='lat' dir='ltr'><strong>quae</strong></span> <span class='ocrx_word' id='word_1_51' title='bbox 1294 541 1526 585; x_wconf 88' lang='lat' dir='ltr'><strong>maximum</strong></span> <span class='ocrx_word' id='word_1_52' title='bbox 1555 554 1637 584; x_wconf 89' lang='lat' dir='ltr'><strong>nu-</strong></span> 
     </span>
     <span class='ocr_line' id='line_1_7' title="bbox 128 607 1637 667; baseline -0.001 -13"><span class='ocrx_word' id='word_1_53' title='bbox 128 620 289 654; x_wconf 77' lang='lat' dir='ltr'><strong>merum</strong></span> <span class='ocrx_word' id='word_1_54' title='bbox 319 610 511 654; x_wconf 80' lang='lat' dir='ltr'><strong>exituum</strong></span> <span class='ocrx_word' id='word_1_55' title='bbox 539 610 882 667; x_wconf 80' lang='lat' dir='ltr'><strong>imperfectorum</strong></span> <span class='ocrx_word' id='word_1_56' title='bbox 911 609 1070 653; x_wconf 88' lang='lat' dir='ltr'><strong>habent</strong></span> <span class='ocrx_word' id='word_1_57' title='bbox 1099 607 1134 653; x_wconf 87' lang='lat'>0</span> <span class='ocrx_word' id='word_1_58' title='bbox 1164 610 1207 652; x_wconf 89' lang='grc' dir='ltr'>Χ</span> <span class='ocrx_word' id='word_1_59' title='bbox 1236 614 1280 653; x_wconf 91' lang='lat' dir='ltr'><strong>et</strong></span> <span class='ocrx_word' id='word_1_60' title='bbox 1309 610 1348 652; x_wconf 89' lang='lat' dir='ltr'>P</span> <span class='ocrx_word' id='word_1_61' title='bbox 1379 611 1416 652; x_wconf 94' lang='lat' dir='ltr'><strong>V</strong></span> <span class='ocrx_word' id='word_1_62' title='bbox 1444 623 1528 653; x_wconf 90' lang='lat' dir='ltr'><strong>non</strong></span> <span class='ocrx_word' id='word_1_63' title='bbox 1557 623 1637 665; x_wconf 91' lang='lat' dir='ltr'><strong>ap-</strong></span> 
     </span>
     <span class='ocr_line' id='line_1_8' title="bbox 127 677 1636 733; baseline -0.001 -11"><span class='ocrx_word' id='word_1_64' title='bbox 127 691 292 733; x_wconf 87' lang='lat' dir='ltr'><strong>parere.</strong></span> <span class='ocrx_word' id='word_1_65' title='bbox 355 678 608 722; x_wconf 76' lang='lat' dir='ltr'><strong>Coniectura</strong></span> <span class='ocrx_word' id='word_1_66' title='bbox 636 682 779 722; x_wconf 90' lang='lat' dir='ltr'><strong>autem</strong></span> <span class='ocrx_word' id='word_1_67' title='bbox 810 677 908 720; x_wconf 80' lang='grc' dir='ltr'><em>τοδί</em></span> <span class='ocrx_word' id='word_1_68' title='bbox 936 682 983 720; x_wconf 92' lang='lat' dir='ltr'><strong>ut</strong></span> <span class='ocrx_word' id='word_1_69' title='bbox 1011 677 1152 720; x_wconf 90' lang='lat' dir='ltr'><strong>facilis</strong></span> <span class='ocrx_word' id='word_1_70' title='bbox 1183 681 1268 730; x_wconf 91' lang='lat' dir='ltr'><strong>est,</strong></span> <span class='ocrx_word' id='word_1_71' title='bbox 1303 677 1366 720; x_wconf 93' lang='lat' dir='ltr'><strong>ita</strong></span> <span class='ocrx_word' id='word_1_72' title='bbox 1394 691 1490 720; x_wconf 92' lang='lat' dir='ltr'><strong>cum</strong></span> <span class='ocrx_word' id='word_1_73' title='bbox 1519 677 1636 733; x_wconf 90' lang='lat' dir='ltr'><strong>apud</strong></span> 
     </span>
     <span class='ocr_line' id='line_1_9' title="bbox 128 744 1638 801; baseline -0.001 -12"><span class='ocrx_word' id='word_1_74' title='bbox 128 745 359 790; x_wconf 85' lang='lat' dir='ltr'><strong>Pindarum</strong></span> <span class='ocrx_word' id='word_1_75' title='bbox 380 763 398 790; x_wconf 94' lang='grc' dir='ltr'><em>ι</em></span> <span class='ocrx_word' id='word_1_76' title='bbox 427 744 648 790; x_wconf 80' lang='grc' dir='ltr'><em>δεικτικόν</em></span> <span class='ocrx_word' id='word_1_77' title='bbox 666 758 877 800; x_wconf 82' lang='lat' dir='ltr'><strong>nusquam</strong></span> <span class='ocrx_word' id='word_1_78' title='bbox 897 745 1080 800; x_wconf 89' lang='lat' dir='ltr'><strong>legatur,</strong></span> <span class='ocrx_word' id='word_1_79' title='bbox 1115 745 1233 788; x_wconf 88' lang='lat' dir='ltr'><strong>haud</strong></span> <span class='ocrx_word' id='word_1_80' title='bbox 1252 745 1500 801; x_wconf 85' lang='lat' dir='ltr'><strong>probabilis.</strong></span> <span class='ocrx_word' id='word_1_81' title='bbox 1548 745 1638 788; x_wconf 87' lang='grc' dir='ltr'><strong>Μο-</strong></span> 
     </span>
     <span class='ocr_line' id='line_1_10' title="bbox 126 812 1638 868; baseline 0.001 -13"><span class='ocrx_word' id='word_1_82' title='bbox 126 813 314 857; x_wconf 91' lang='lat' dir='ltr'><strong>nendum</strong></span> <span class='ocrx_word' id='word_1_83' title='bbox 343 827 445 857; x_wconf 92' lang='lat' dir='ltr'><strong>vero</strong></span> <span class='ocrx_word' id='word_1_84' title='bbox 474 815 556 857; x_wconf 90' lang='lat' dir='ltr'><strong>hoc</strong></span> <span class='ocrx_word' id='word_1_85' title='bbox 584 826 750 868; x_wconf 90' lang='lat' dir='ltr'><strong>quoque</strong></span> <span class='ocrx_word' id='word_1_86' title='bbox 780 817 867 865; x_wconf 90' lang='lat' dir='ltr'><strong>est,</strong></span> <span class='ocrx_word' id='word_1_87' title='bbox 905 825 999 855; x_wconf 90' lang='lat' dir='ltr'><strong>cum</strong></span> <span class='ocrx_word' id='word_1_88' title='bbox 1029 815 1105 854; x_wconf 82' lang='grc' dir='ltr'><strong>καί</strong></span> <span class='ocrx_word' id='word_1_89' title='bbox 1133 812 1342 868; x_wconf 90' lang='lat' dir='ltr'><strong>particula</strong></span> <span class='ocrx_word' id='word_1_90' title='bbox 1370 818 1516 868; x_wconf 89' lang='lat' dir='ltr'><strong>aperte</strong></span> <span class='ocrx_word' id='word_1_91' title='bbox 1546 826 1638 856; x_wconf 86' lang='lat' dir='ltr'><strong>cor-</strong></span> 
     </span>
     <span class='ocr_line' id='line_1_11' title="bbox 127 878 1635 937; baseline -0.001 -14"><span class='ocrx_word' id='word_1_92' title='bbox 127 885 253 937; x_wconf 89' lang='lat' dir='ltr'><strong>rupta</strong></span> <span class='ocrx_word' id='word_1_93' title='bbox 272 881 327 924; x_wconf 87' lang='lat' dir='ltr'><strong>sit</strong></span> <span class='ocrx_word' id='word_1_94' title='bbox 353 881 424 936; x_wconf 85' lang='lat' dir='ltr'><strong>(cf.</strong></span> <span class='ocrx_word' id='word_1_95' title='bbox 448 881 682 936; x_wconf 88' lang='lat' dir='ltr'><strong>Bergkium</strong></span> <span class='ocrx_word' id='word_1_96' title='bbox 701 880 759 924; x_wconf 93' lang='lat' dir='ltr'><strong>ad</strong></span> <span class='ocrx_word' id='word_1_97' title='bbox 778 880 890 924; x_wconf 92' lang='lat' dir='ltr'><strong>hunc</strong></span> <span class='ocrx_word' id='word_1_98' title='bbox 910 880 1082 934; x_wconf 87' lang='lat' dir='ltr'><strong>locum),</strong></span> <span class='ocrx_word' id='word_1_99' title='bbox 1117 880 1246 923; x_wconf 89' lang='lat' dir='ltr'><strong>etiam</strong></span> <span class='ocrx_word' id='word_1_100' title='bbox 1275 893 1506 936; x_wconf 90' lang='lat' dir='ltr'><strong>pronomen</strong></span> <span class='ocrx_word' id='word_1_101' title='bbox 1535 878 1635 923; x_wconf 80' lang='grc' dir='ltr'><em>τόδε</em></span> 
     </span>
     <span class='ocr_line' id='line_1_12' title="bbox 127 947 1671 1005; baseline -0.001 -14"><span class='ocrx_word' id='word_1_102' title='bbox 127 948 336 992; x_wconf 90' lang='lat' dir='ltr'><strong>incertum</strong></span> <span class='ocrx_word' id='word_1_103' title='bbox 367 961 479 993; x_wconf 91' lang='lat' dir='ltr'><strong>esse.</strong></span> <span class='ocrx_word' id='word_1_104' title='bbox 540 950 826 1005; x_wconf 87' lang='lat' dir='ltr'><strong>Expectamus</strong></span> <span class='ocrx_word' id='word_1_105' title='bbox 856 947 1130 1000; x_wconf 79' lang='lat' dir='ltr'><strong>sententiam⁷</strong></span> <span class='ocrx_word' id='word_1_106' title='bbox 1176 948 1317 1003; x_wconf 88' lang='lat' dir='ltr'><strong>qualis</strong></span> <span class='ocrx_word' id='word_1_107' title='bbox 1356 952 1442 992; x_wconf 89' lang='lat' dir='ltr'><strong>est:</strong></span> <span class='ocrx_word' id='word_1_108' title='bbox 1488 947 1635 1002; x_wconf 73' lang='grc' dir='ltr'><em>ἔμπας</em></span> <span class='ocrx_word' id='word_1_109' title='bbox 1669 961 1671 963; x_wconf 94' lang='grc'><strong><em>·</em></strong></span> 
     </span>
     <span class='ocr_line' id='line_1_13' title="bbox 130 1013 582 1074; baseline 0.004 -16"><span class='ocrx_word' id='word_1_110' title='bbox 130 1015 242 1067; x_wconf 77' lang='grc' dir='ltr'><em>ἔπος</em></span> <span class='ocrx_word' id='word_1_111' title='bbox 271 1013 445 1060; x_wconf 76' lang='grc' dir='ltr'><em>τοιόνδ’</em></span> <span class='ocrx_word' id='word_1_112' title='bbox 479 1016 582 1074; x_wconf 75' lang='grc' dir='ltr'><strong><em>ἔφη.</em></strong></span> 
     </span>
    </p>
   </div>
   <div class='ocr_carea' id='block_1_4' title="bbox 128 1106 1667 1636">
    <p class='ocr_par' dir='ltr' id='par_1_4' title="bbox 128 1106 1667 1568">
     <span class='ocr_line' id='line_1_14' title="bbox 248 1106 1250 1161; baseline -0.002 -24"><span class='ocrx_word' id='word_1_113' title='bbox 248 1108 312 1161; x_wconf 84' lang='lat'><strong>17)</strong></span> <span class='ocrx_word' id='word_1_114' title='bbox 350 1107 391 1149; x_wconf 83' lang='lat' dir='ltr'>P</span> <span class='ocrx_word' id='word_1_115' title='bbox 420 1107 464 1149; x_wconf 85' lang='lat' dir='ltr'>X</span> <span class='ocrx_word' id='word_1_116' title='bbox 494 1109 519 1148; x_wconf 86' lang='grc'><strong>6</strong></span> <span class='ocrx_word' id='word_1_117' title='bbox 577 1106 1250 1138; x_wconf 57' lang='grc' dir='ltr'><strong>υυ-ὐυ-υ-υέυ-υὲ</strong></span> 
     </span>
     <span class='ocr_line' id='line_1_15' title="bbox 396 1169 1380 1231; baseline -0.001 -15"><span class='ocrx_word' id='word_1_118' title='bbox 396 1170 579 1231; x_wconf 79' lang='grc' dir='ltr'><em>ἀγαγεῖν</em></span> <span class='ocrx_word' id='word_1_119' title='bbox 609 1173 860 1228; x_wconf 77' lang='grc' dir='ltr'><em>ἐπικωμίαν</em></span> <span class='ocrx_word' id='word_1_120' title='bbox 890 1169 1064 1230; x_wconf 81' lang='grc' dir='ltr'><em>ἀνδρῶν</em></span> <span class='ocrx_word' id='word_1_121' title='bbox 1093 1172 1258 1217; x_wconf 82' lang='grc' dir='ltr'><em>κλυτὰν</em></span> <span class='ocrx_word' id='word_1_122' title='bbox 1288 1170 1380 1217; x_wconf 75' lang='grc' dir='ltr'><em>ὄπα</em></span> 
     </span>
     <span class='ocr_line' id='line_1_16' title="bbox 952 1242 1370 1297; baseline -0.002 -13"><span class='ocrx_word' id='word_1_123' title='bbox 952 1242 1019 1295; x_wconf 85' lang='grc'><strong>31,</strong></span> <span class='ocrx_word' id='word_1_124' title='bbox 1056 1244 1131 1297; x_wconf 87' lang='lat' dir='ltr'><strong>3p,</strong></span> <span class='ocrx_word' id='word_1_125' title='bbox 1173 1242 1269 1294; x_wconf 82' lang='lat' dir='ltr'><strong>1br,</strong></span> <span class='ocrx_word' id='word_1_126' title='bbox 1311 1242 1370 1284; x_wconf 91' lang='lat' dir='ltr'><strong>li.</strong></span> 
     </span>
     <span class='ocr_line' id='line_1_17' title="bbox 245 1309 1667 1366; baseline 0.001 -14"><span class='ocrx_word' id='word_1_127' title='bbox 245 1310 295 1353; x_wconf 91' lang='lat' dir='ltr'><strong>In</strong></span> <span class='ocrx_word' id='word_1_128' title='bbox 325 1310 475 1354; x_wconf 91' lang='lat' dir='ltr'><strong>eodem</strong></span> <span class='ocrx_word' id='word_1_129' title='bbox 502 1310 686 1353; x_wconf 88' lang='lat' dir='ltr'><strong>carmine</strong></span> <span class='ocrx_word' id='word_1_130' title='bbox 707 1309 790 1353; x_wconf 93' lang='lat' dir='ltr'><strong>duo</strong></span> <span class='ocrx_word' id='word_1_131' title='bbox 812 1309 952 1353; x_wconf 87' lang='lat' dir='ltr'><strong>exitus</strong></span> <span class='ocrx_word' id='word_1_132' title='bbox 971 1309 1208 1365; x_wconf 84' lang='lat' dir='ltr'><strong>imperfecti</strong></span> <span class='ocrx_word' id='word_1_133' title='bbox 1228 1309 1273 1352; x_wconf 90' lang='lat' dir='ltr'><strong>in</strong></span> <span class='ocrx_word' id='word_1_134' title='bbox 1294 1326 1335 1353; x_wconf 91' lang='grc' dir='ltr'><strong>-ι</strong></span> <span class='ocrx_word' id='word_1_135' title='bbox 1354 1310 1632 1366; x_wconf 84' lang='lat' dir='ltr'><strong>reperiuntur,</strong></span> <span class='ocrx_word' id='word_1_136' title='bbox 1665 1313 1667 1317; x_wconf 58' lang='lat'><strong><em>⁴</em></strong></span> 
     </span>
     <span class='ocr_line' id='line_1_18' title="bbox 130 1376 1639 1434; baseline 0.001 -14"><span class='ocrx_word' id='word_1_137' title='bbox 130 1391 282 1420; x_wconf 90' lang='lat' dir='ltr'><strong>versus</strong></span> <span class='ocrx_word' id='word_1_138' title='bbox 312 1382 456 1421; x_wconf 88' lang='lat' dir='ltr'><strong>autem</strong></span> <span class='ocrx_word' id='word_1_139' title='bbox 486 1378 684 1434; x_wconf 85' lang='lat' dir='ltr'><strong>paralleli</strong></span> <span class='ocrx_word' id='word_1_140' title='bbox 712 1377 873 1420; x_wconf 82' lang='lat' dir='ltr'><strong>exitum</strong></span> <span class='ocrx_word' id='word_1_141' title='bbox 900 1376 1195 1432; x_wconf 90' lang='lat' dir='ltr'><strong>imperfectum</strong></span> <span class='ocrx_word' id='word_1_142' title='bbox 1224 1391 1309 1420; x_wconf 93' lang='lat' dir='ltr'><strong>non</strong></span> <span class='ocrx_word' id='word_1_143' title='bbox 1338 1383 1553 1434; x_wconf 77' lang='lat' dir='ltr'><strong>respuunt,</strong></span> <span class='ocrx_word' id='word_1_144' title='bbox 1596 1383 1639 1421; x_wconf 88' lang='lat' dir='ltr'><strong>et</strong></span> 
     </span>
     <span class='ocr_line' id='line_1_19' title="bbox 128 1445 1638 1500; baseline 0 -12"><span class='ocrx_word' id='word_1_145' title='bbox 128 1445 300 1500; x_wconf 88' lang='lat' dir='ltr'><strong>aliquos</strong></span> <span class='ocrx_word' id='word_1_146' title='bbox 340 1450 477 1489; x_wconf 87' lang='lat' dir='ltr'><strong>certos</strong></span> <span class='ocrx_word' id='word_1_147' title='bbox 517 1445 745 1500; x_wconf 86' lang='lat' dir='ltr'><strong>singularis</strong></span> <span class='ocrx_word' id='word_1_148' title='bbox 779 1445 944 1488; x_wconf 90' lang='lat' dir='ltr'><strong>numeri</strong></span> <span class='ocrx_word' id='word_1_149' title='bbox 971 1445 1237 1488; x_wconf 84' lang='lat' dir='ltr'><strong>accusativos</strong></span> <span class='ocrx_word' id='word_1_150' title='bbox 1266 1445 1416 1488; x_wconf 86' lang='lat' dir='ltr'><strong>tertiae</strong></span> <span class='ocrx_word' id='word_1_151' title='bbox 1446 1445 1638 1489; x_wconf 90' lang='lat' dir='ltr'><strong>declina-</strong></span> 
     </span>
     <span class='ocr_line' id='line_1_20' title="bbox 129 1512 1636 1568; baseline 0 -12"><span class='ocrx_word' id='word_1_152' title='bbox 129 1513 257 1556; x_wconf 89' lang='lat' dir='ltr'><strong>tionis</strong></span> <span class='ocrx_word' id='word_1_153' title='bbox 285 1513 332 1556; x_wconf 92' lang='lat' dir='ltr'><strong>in</strong></span> <span class='ocrx_word' id='word_1_154' title='bbox 360 1528 415 1554; x_wconf 91' lang='grc' dir='ltr'><strong>-α</strong></span> <span class='ocrx_word' id='word_1_155' title='bbox 444 1513 490 1556; x_wconf 91' lang='lat' dir='ltr'><strong>in</strong></span> <span class='ocrx_word' id='word_1_156' title='bbox 519 1513 634 1556; x_wconf 86' lang='lat' dir='ltr'><strong>exitu</strong></span> <span class='ocrx_word' id='word_1_157' title='bbox 662 1513 886 1563; x_wconf 81' lang='lat' dir='ltr'><strong>habemus;</strong></span> <span class='ocrx_word' id='word_1_158' title='bbox 932 1525 1187 1568; x_wconf 89' lang='lat' dir='ltr'><strong>quamquam</strong></span> <span class='ocrx_word' id='word_1_159' title='bbox 1225 1512 1395 1556; x_wconf 90' lang='lat' dir='ltr'><strong>medela</strong></span> <span class='ocrx_word' id='word_1_160' title='bbox 1430 1512 1636 1557; x_wconf 91' lang='lat' dir='ltr'><strong>facillima</strong></span> 
     </span>
    </p>

    <p class='ocr_par' dir='ltr' id='par_1_5' title="bbox 133 1578 732 1636">
     <span class='ocr_line' id='line_1_21' title="bbox 133 1578 732 1636; baseline -0.003 -12"><span class='ocrx_word' id='word_1_161' title='bbox 133 1586 302 1636; x_wconf 82' lang='lat' dir='ltr'><strong>praesto</strong></span> <span class='ocrx_word' id='word_1_162' title='bbox 333 1586 400 1624; x_wconf 87' lang='lat' dir='ltr'><strong>est</strong></span> <span class='ocrx_word' id='word_1_163' title='bbox 430 1578 524 1623; x_wconf 79' lang='grc' dir='ltr'><em>ὅπα</em></span> <span class='ocrx_word' id='word_1_164' title='bbox 554 1579 732 1623; x_wconf 84' lang='grc' dir='ltr'><em>κλυτάν.</em></span> 
     </span>
    </p>
   </div>
   <div class='ocr_carea' id='block_1_5' title="bbox 130 1668 1642 2758">
    <p class='ocr_par' dir='ltr' id='par_1_6' title="bbox 252 1668 1529 1996">
     <span class='ocr_line' id='line_1_22' title="bbox 252 1668 1347 1725; baseline 0.001 -25"><span class='ocrx_word' id='word_1_165' title='bbox 252 1673 315 1725; x_wconf 80' lang='lat'><strong>18)</strong></span> <span class='ocrx_word' id='word_1_166' title='bbox 352 1669 389 1714; x_wconf 77' lang='lat' dir='ltr'>N</span> <span class='ocrx_word' id='word_1_167' title='bbox 419 1671 480 1714; x_wconf 85' lang='lat' dir='ltr'><strong>IV</strong></span> <span class='ocrx_word' id='word_1_168' title='bbox 511 1672 564 1713; x_wconf 83' lang='lat'><strong>69</strong></span> <span class='ocrx_word' id='word_1_169' title='bbox 622 1668 1347 1702; x_wconf 53' lang='grc' dir='ltr'><strong>Αυ-υ-υυ-ῦέυυ-ψᾋ</strong></span> 
     </span>
     <span class='ocr_line' id='line_1_23' title="bbox 309 1734 1529 1795; baseline 0 -14"><span class='ocrx_word' id='word_1_170' title='bbox 309 1738 541 1795; x_wconf 76' lang='grc' dir='ltr'><em>Γαδείρων</em></span> <span class='ocrx_word' id='word_1_171' title='bbox 569 1735 620 1780; x_wconf 88' lang='grc' dir='ltr'><strong>τὸ</strong></span> <span class='ocrx_word' id='word_1_172' title='bbox 650 1735 766 1794; x_wconf 83' lang='grc' dir='ltr'><em>πρὸς</em></span> <span class='ocrx_word' id='word_1_173' title='bbox 797 1736 940 1795; x_wconf 84' lang='grc' dir='ltr'><em>ζόφον</em></span> <span class='ocrx_word' id='word_1_174' title='bbox 970 1734 1023 1781; x_wconf 78' lang='grc' dir='ltr'><strong>οὗ</strong></span> <span class='ocrx_word' id='word_1_175' title='bbox 1051 1736 1265 1794; x_wconf 84' lang='grc' dir='ltr'><em>περατόν,</em></span> <span class='ocrx_word' id='word_1_176' title='bbox 1300 1734 1529 1795; x_wconf 79' lang='grc' dir='ltr'><em>ἀπότρεπε</em></span> 
     </span>
     <span class='ocr_line' id='line_1_24' title="bbox 307 1799 1325 1863; baseline -0.001 -13"><span class='ocrx_word' id='word_1_177' title='bbox 307 1799 434 1858; x_wconf 81' lang='grc' dir='ltr'><em>αὖτις</em></span> <span class='ocrx_word' id='word_1_178' title='bbox 464 1802 688 1863; x_wconf 81' lang='grc' dir='ltr'><em>Εὐρώπαν</em></span> <span class='ocrx_word' id='word_1_179' title='bbox 717 1806 823 1849; x_wconf 82' lang='grc' dir='ltr'><em>ποτὶ</em></span> <span class='ocrx_word' id='word_1_180' title='bbox 852 1809 1014 1863; x_wconf 87' lang='grc' dir='ltr'><em>χέρσον</em></span> <span class='ocrx_word' id='word_1_181' title='bbox 1043 1806 1172 1850; x_wconf 75' lang='grc' dir='ltr'><em>ἔντεα</em></span> <span class='ocrx_word' id='word_1_182' title='bbox 1201 1805 1325 1857; x_wconf 86' lang='grc' dir='ltr'><em>ναός.</em></span> 
     </span>
     <span class='ocr_line' id='line_1_25' title="bbox 307 1872 949 1933; baseline -0.002 -15"><span class='ocrx_word' id='word_1_183' title='bbox 307 1873 461 1933; x_wconf 73' lang='grc' dir='ltr'><em>ἄπορα</em></span> <span class='ocrx_word' id='word_1_184' title='bbox 491 1874 576 1932; x_wconf 76' lang='grc' dir='ltr'><strong>γὰρ</strong></span> <span class='ocrx_word' id='word_1_185' title='bbox 607 1872 742 1930; x_wconf 79' lang='grc' dir='ltr'><em>λόγον</em></span> <span class='ocrx_word' id='word_1_186' title='bbox 769 1873 949 1918; x_wconf 84' lang='grc' dir='ltr'><em>Αἰακοῦ</em></span> 
     </span>
     <span class='ocr_line' id='line_1_26' title="bbox 307 1938 1157 1996; baseline 0 -11"><span class='ocrx_word' id='word_1_187' title='bbox 307 1943 485 1987; x_wconf 84' lang='grc' dir='ltr'><em>παίδων</em></span> <span class='ocrx_word' id='word_1_188' title='bbox 515 1940 596 1986; x_wconf 87' lang='grc' dir='ltr'><em>τὸν</em></span> <span class='ocrx_word' id='word_1_189' title='bbox 627 1938 807 1985; x_wconf 80' lang='grc' dir='ltr'><em>ἅπαντά</em></span> <span class='ocrx_word' id='word_1_190' title='bbox 835 1958 914 1996; x_wconf 88' lang='grc' dir='ltr'><strong>μοι</strong></span> <span class='ocrx_word' id='word_1_191' title='bbox 943 1942 1157 1985; x_wconf 73' lang='grc' dir='ltr'><em>διελθεῖν.</em></span> 
     </span>
    </p>

    <p class='ocr_par' dir='ltr' id='par_1_7' title="bbox 714 2010 1159 2066">
     <span class='ocr_line' id='line_1_27' title="bbox 714 2010 1159 2066; baseline 0.002 -14"><span class='ocrx_word' id='word_1_192' title='bbox 714 2010 780 2064; x_wconf 89' lang='lat'><strong>31,</strong></span> <span class='ocrx_word' id='word_1_193' title='bbox 815 2012 891 2066; x_wconf 86' lang='lat' dir='ltr'><strong>6p,</strong></span> <span class='ocrx_word' id='word_1_194' title='bbox 930 2010 1027 2064; x_wconf 83' lang='lat' dir='ltr'><strong>2br,</strong></span> <span class='ocrx_word' id='word_1_195' title='bbox 1067 2010 1159 2054; x_wconf 91' lang='lat' dir='ltr'><strong>1ih.</strong></span> 
     </span>
    </p>

    <p class='ocr_par' dir='ltr' id='par_1_8' title="bbox 130 2089 1642 2758">
     <span class='ocr_line' id='line_1_28' title="bbox 247 2089 1640 2146; baseline 0.002 -13"><span class='ocrx_word' id='word_1_196' title='bbox 247 2091 327 2133; x_wconf 89' lang='lat' dir='ltr'><strong>Hic</strong></span> <span class='ocrx_word' id='word_1_197' title='bbox 357 2094 423 2133; x_wconf 89' lang='lat' dir='ltr'><strong>est</strong></span> <span class='ocrx_word' id='word_1_198' title='bbox 450 2094 494 2133; x_wconf 91' lang='lat' dir='ltr'><strong>et</strong></span> <span class='ocrx_word' id='word_1_199' title='bbox 523 2089 673 2132; x_wconf 90' lang='lat' dir='ltr'><strong>unicus</strong></span> <span class='ocrx_word' id='word_1_200' title='bbox 703 2089 842 2132; x_wconf 81' lang='lat' dir='ltr'><strong>exitus</strong></span> <span class='ocrx_word' id='word_1_201' title='bbox 871 2089 1145 2146; x_wconf 87' lang='lat' dir='ltr'><strong>imperfectus</strong></span> <span class='ocrx_word' id='word_1_202' title='bbox 1173 2089 1218 2133; x_wconf 92' lang='lat' dir='ltr'><strong>in</strong></span> <span class='ocrx_word' id='word_1_203' title='bbox 1248 2090 1432 2134; x_wconf 89' lang='lat' dir='ltr'><strong>carmine</strong></span> <span class='ocrx_word' id='word_1_204' title='bbox 1463 2092 1517 2133; x_wconf 87' lang='grc'><strong>96</strong></span> <span class='ocrx_word' id='word_1_205' title='bbox 1545 2104 1640 2136; x_wconf 91' lang='lat' dir='ltr'><strong>ver-</strong></span> 
     </span>
     <span class='ocr_line' id='line_1_29' title="bbox 133 2157 1639 2215; baseline 0.001 -13"><span class='ocrx_word' id='word_1_206' title='bbox 133 2171 258 2202; x_wconf 91' lang='lat' dir='ltr'><strong>suum</strong></span> <span class='ocrx_word' id='word_1_207' title='bbox 297 2162 340 2201; x_wconf 93' lang='lat' dir='ltr'><strong>et</strong></span> <span class='ocrx_word' id='word_1_208' title='bbox 376 2157 449 2213; x_wconf 91' lang='lat' dir='ltr'><strong>qui</strong></span> <span class='ocrx_word' id='word_1_209' title='bbox 489 2162 662 2214; x_wconf 89' lang='lat' dir='ltr'><strong>propter</strong></span> <span class='ocrx_word' id='word_1_210' title='bbox 690 2172 735 2199; x_wconf 90' lang='grc' dir='ltr'><strong>-ε</strong></span> <span class='ocrx_word' id='word_1_211' title='bbox 774 2158 965 2201; x_wconf 86' lang='lat' dir='ltr'><strong>vocalem</strong></span> <span class='ocrx_word' id='word_1_212' title='bbox 1007 2159 1188 2214; x_wconf 89' lang='lat' dir='ltr'><strong>(praeter</strong></span> <span class='ocrx_word' id='word_1_213' title='bbox 1218 2161 1331 2200; x_wconf 85' lang='grc' dir='ltr'><em>ποτέ</em></span> <span class='ocrx_word' id='word_1_214' title='bbox 1359 2163 1403 2201; x_wconf 88' lang='lat' dir='ltr'><strong>et</strong></span> <span class='ocrx_word' id='word_1_215' title='bbox 1432 2161 1479 2201; x_wconf 85' lang='grc' dir='ltr'><strong>τέ</strong></span> <span class='ocrx_word' id='word_1_216' title='bbox 1507 2161 1639 2215; x_wconf 89' lang='lat' dir='ltr'><strong>parti-</strong></span> 
     </span>
     <span class='ocr_line' id='line_1_30' title="bbox 131 2224 1641 2281; baseline 0.001 -11"><span class='ocrx_word' id='word_1_217' title='bbox 131 2226 253 2270; x_wconf 88' lang='lat' dir='ltr'><strong>culas</strong></span> <span class='ocrx_word' id='word_1_218' title='bbox 281 2239 367 2270; x_wconf 90' lang='lat' dir='ltr'><strong>non</strong></span> <span class='ocrx_word' id='word_1_219' title='bbox 395 2225 642 2281; x_wconf 86' lang='lat' dir='ltr'><strong>admissam)</strong></span> <span class='ocrx_word' id='word_1_220' title='bbox 679 2224 807 2268; x_wconf 91' lang='lat' dir='ltr'><strong>valde</strong></span> <span class='ocrx_word' id='word_1_221' title='bbox 835 2225 1036 2270; x_wconf 87' lang='lat' dir='ltr'><strong>offendat.</strong></span> <span class='ocrx_word' id='word_1_222' title='bbox 1097 2225 1275 2270; x_wconf 85' lang='lat' dir='ltr'><strong>Accedit</strong></span> <span class='ocrx_word' id='word_1_223' title='bbox 1304 2225 1440 2281; x_wconf 85' lang='lat' dir='ltr'><strong>quod,</strong></span> <span class='ocrx_word' id='word_1_224' title='bbox 1475 2226 1512 2269; x_wconf 85' lang='lat' dir='ltr'><strong>si</strong></span> <span class='ocrx_word' id='word_1_225' title='bbox 1542 2239 1641 2271; x_wconf 89' lang='lat' dir='ltr'><strong>sen-</strong></span> 
     </span>
     <span class='ocr_line' id='line_1_31' title="bbox 130 2289 1642 2351; baseline 0.001 -13"><span class='ocrx_word' id='word_1_226' title='bbox 130 2295 308 2339; x_wconf 89' lang='lat' dir='ltr'><strong>tentiam</strong></span> <span class='ocrx_word' id='word_1_227' title='bbox 339 2294 676 2347; x_wconf 87' lang='lat' dir='ltr'><strong>examinaveris,</strong></span> <span class='ocrx_word' id='word_1_228' title='bbox 712 2289 942 2350; x_wconf 79' lang='grc' dir='ltr'><em>ἀπότρεπε</em></span> <span class='ocrx_word' id='word_1_229' title='bbox 973 2294 1191 2350; x_wconf 88' lang='lat' dir='ltr'><strong>displicet;</strong></span> <span class='ocrx_word' id='word_1_230' title='bbox 1226 2299 1356 2350; x_wconf 87' lang='lat' dir='ltr'><strong>poeta</strong></span> <span class='ocrx_word' id='word_1_231' title='bbox 1384 2295 1497 2338; x_wconf 93' lang='lat' dir='ltr'><strong>enim</strong></span> <span class='ocrx_word' id='word_1_232' title='bbox 1525 2301 1642 2351; x_wconf 86' lang='lat' dir='ltr'><strong>post-</strong></span> 
     </span>
     <span class='ocr_line' id='line_1_32' title="bbox 133 2361 1640 2419; baseline 0.002 -14"><span class='ocrx_word' id='word_1_233' title='bbox 133 2376 260 2419; x_wconf 87' lang='lat' dir='ltr'><strong>quam</strong></span> <span class='ocrx_word' id='word_1_234' title='bbox 290 2375 336 2406; x_wconf 90' lang='lat' dir='ltr'><strong>se</strong></span> <span class='ocrx_word' id='word_1_235' title='bbox 365 2362 459 2419; x_wconf 89' lang='lat' dir='ltr'><strong>ipse</strong></span> <span class='ocrx_word' id='word_1_236' title='bbox 488 2362 699 2406; x_wconf 88' lang='lat' dir='ltr'><strong>allocutus</strong></span> <span class='ocrx_word' id='word_1_237' title='bbox 730 2366 814 2416; x_wconf 89' lang='lat' dir='ltr'><strong>est,</strong></span> <span class='ocrx_word' id='word_1_238' title='bbox 861 2361 974 2417; x_wconf 90' lang='lat' dir='ltr'><strong>quod</strong></span> <span class='ocrx_word' id='word_1_239' title='bbox 1003 2375 1133 2419; x_wconf 90' lang='lat' dir='ltr'><strong>saepe</strong></span> <span class='ocrx_word' id='word_1_240' title='bbox 1168 2362 1274 2407; x_wconf 89' lang='lat' dir='ltr'><strong>facit</strong></span> <span class='ocrx_word' id='word_1_241' title='bbox 1301 2362 1346 2406; x_wconf 85' lang='lat' dir='ltr'><strong>in</strong></span> <span class='ocrx_word' id='word_1_242' title='bbox 1374 2363 1555 2407; x_wconf 89' lang='lat' dir='ltr'><strong>transitu</strong></span> <span class='ocrx_word' id='word_1_243' title='bbox 1584 2364 1640 2408; x_wconf 92' lang='lat' dir='ltr'><strong>ab</strong></span> 
     </span>
     <span class='ocr_line' id='line_1_33' title="bbox 132 2429 1640 2488; baseline -0.001 -14"><span class='ocrx_word' id='word_1_244' title='bbox 132 2431 267 2474; x_wconf 86' lang='lat' dir='ltr'><strong>altera</strong></span> <span class='ocrx_word' id='word_1_245' title='bbox 287 2435 408 2486; x_wconf 89' lang='lat' dir='ltr'><strong>parte</strong></span> <span class='ocrx_word' id='word_1_246' title='bbox 428 2430 628 2473; x_wconf 89' lang='lat' dir='ltr'><strong>carminis</strong></span> <span class='ocrx_word' id='word_1_247' title='bbox 647 2430 705 2473; x_wconf 88' lang='lat' dir='ltr'><strong>ad</strong></span> <span class='ocrx_word' id='word_1_248' title='bbox 725 2430 903 2473; x_wconf 89' lang='lat' dir='ltr'><strong>alteram</strong></span> <span class='ocrx_word' id='word_1_249' title='bbox 939 2430 1005 2483; x_wconf 87' lang='lat' dir='ltr'><strong>(cf.</strong></span> <span class='ocrx_word' id='word_1_250' title='bbox 1032 2429 1066 2474; x_wconf 91' lang='lat'>0</span> <span class='ocrx_word' id='word_1_251' title='bbox 1087 2431 1131 2473; x_wconf 93' lang='lat' dir='ltr'><strong>II</strong></span> <span class='ocrx_word' id='word_1_252' title='bbox 1151 2432 1205 2473; x_wconf 86' lang='lat'><strong>89</strong></span> <span class='ocrx_word' id='word_1_253' title='bbox 1231 2430 1364 2484; x_wconf 72' lang='grc' dir='ltr'><em>ἔπεχε</em></span> <span class='ocrx_word' id='word_1_254' title='bbox 1383 2435 1466 2473; x_wconf 86' lang='grc' dir='ltr'><strong>νῦν</strong></span> <span class='ocrx_word' id='word_1_255' title='bbox 1485 2436 1640 2488; x_wconf 78' lang='grc' dir='ltr'><em>σκοπῷ</em></span> 
     </span>
     <span class='ocr_line' id='line_1_34' title="bbox 134 2494 1642 2555; baseline 0.003 -15"><span class='ocrx_word' id='word_1_256' title='bbox 134 2496 288 2551; x_wconf 84' lang='grc' dir='ltr'><em>τόξον·</em></span> <span class='ocrx_word' id='word_1_257' title='bbox 333 2494 411 2555; x_wconf 75' lang='grc' dir='ltr'><strong>ἄγε</strong></span> <span class='ocrx_word' id='word_1_258' title='bbox 442 2501 577 2552; x_wconf 76' lang='grc' dir='ltr'><em>θυμέ,</em></span> <span class='ocrx_word' id='word_1_259' title='bbox 613 2501 713 2541; x_wconf 85' lang='grc' dir='ltr'><em>τίνα</em></span> <span class='ocrx_word' id='word_1_260' title='bbox 742 2496 1005 2554; x_wconf 70' lang='grc' dir='ltr'><em>βάλλομενς)</em></span> <span class='ocrx_word' id='word_1_261' title='bbox 1042 2512 1125 2542; x_wconf 91' lang='lat' dir='ltr'><strong>non</strong></span> <span class='ocrx_word' id='word_1_262' title='bbox 1155 2503 1353 2542; x_wconf 89' lang='lat' dir='ltr'><strong>constans</strong></span> <span class='ocrx_word' id='word_1_263' title='bbox 1383 2499 1464 2542; x_wconf 90' lang='lat' dir='ltr'><strong>sibi</strong></span> <span class='ocrx_word' id='word_1_264' title='bbox 1491 2500 1642 2544; x_wconf 88' lang='lat' dir='ltr'><strong>transit</strong></span> 
     </span>
     <span class='ocr_line' id='line_1_35' title="bbox 132 2566 1638 2623; baseline 0.001 -13"><span class='ocrx_word' id='word_1_265' title='bbox 132 2567 191 2610; x_wconf 93' lang='lat' dir='ltr'><strong>ad</strong></span> <span class='ocrx_word' id='word_1_266' title='bbox 209 2579 433 2623; x_wconf 89' lang='lat' dir='ltr'><strong>personam</strong></span> <span class='ocrx_word' id='word_1_267' title='bbox 454 2566 634 2623; x_wconf 90' lang='lat' dir='ltr'><strong>primam</strong></span> <span class='ocrx_word' id='word_1_268' title='bbox 655 2567 733 2621; x_wconf 82' lang='grc' dir='ltr'><strong>μοὶ</strong></span> <span class='ocrx_word' id='word_1_269' title='bbox 754 2566 967 2620; x_wconf 78' lang='grc' dir='ltr'><em>διελθεῖν,</em></span> <span class='ocrx_word' id='word_1_270' title='bbox 1002 2567 1074 2610; x_wconf 94' lang='lat' dir='ltr'><strong>ubi</strong></span> <span class='ocrx_word' id='word_1_271' title='bbox 1094 2572 1293 2623; x_wconf 87' lang='lat' dir='ltr'><strong>expectes</strong></span> <span class='ocrx_word' id='word_1_272' title='bbox 1323 2567 1394 2609; x_wconf 83' lang='grc' dir='ltr'><strong>σοὶ</strong></span> <span class='ocrx_word' id='word_1_273' title='bbox 1425 2567 1638 2611; x_wconf 77' lang='grc' dir='ltr'><em>διελθεῖν.</em></span> 
     </span>
     <span class='ocr_line' id='line_1_36' title="bbox 134 2631 1640 2692; baseline 0.001 -14"><span class='ocrx_word' id='word_1_274' title='bbox 134 2634 416 2679; x_wconf 88' lang='lat' dir='ltr'><strong>Scribendum</strong></span> <span class='ocrx_word' id='word_1_275' title='bbox 446 2635 575 2690; x_wconf 84' lang='lat' dir='ltr'><strong>igitur</strong></span> <span class='ocrx_word' id='word_1_276' title='bbox 604 2647 699 2678; x_wconf 89' lang='lat' dir='ltr'><strong>esse</strong></span> <span class='ocrx_word' id='word_1_277' title='bbox 724 2635 893 2679; x_wconf 85' lang='lat' dir='ltr'><strong>videtur</strong></span> <span class='ocrx_word' id='word_1_278' title='bbox 913 2631 1172 2691; x_wconf 81' lang='grc' dir='ltr'><em>ἀποτρέπω,</em></span> <span class='ocrx_word' id='word_1_279' title='bbox 1208 2636 1276 2679; x_wconf 91' lang='lat' dir='ltr'><strong>cui</strong></span> <span class='ocrx_word' id='word_1_280' title='bbox 1295 2635 1466 2679; x_wconf 84' lang='lat' dir='ltr'><strong>additur</strong></span> <span class='ocrx_word' id='word_1_281' title='bbox 1485 2638 1640 2692; x_wconf 90' lang='lat' dir='ltr'><strong>optime</strong></span> 
     </span>
     <span class='ocr_line' id='line_1_37' title="bbox 134 2699 895 2758; baseline 0.001 -14"><span class='ocrx_word' id='word_1_282' title='bbox 134 2699 286 2758; x_wconf 77' lang='grc' dir='ltr'><em>ἄπορα</em></span> <span class='ocrx_word' id='word_1_283' title='bbox 317 2701 402 2758; x_wconf 80' lang='grc' dir='ltr'><strong>γὰρ</strong></span> <span class='ocrx_word' id='word_1_284' title='bbox 437 2736 445 2745; x_wconf 93' lang='grc'><strong>.</strong></span> <span class='ocrx_word' id='word_1_285' title='bbox 474 2736 483 2745; x_wconf 92' lang='grc'><strong>.</strong></span> <span class='ocrx_word' id='word_1_286' title='bbox 512 2737 521 2745; x_wconf 90' lang='grc'><strong>.</strong></span> <span class='ocrx_word' id='word_1_287' title='bbox 555 2703 651 2757; x_wconf 88' lang='grc' dir='ltr'><strong>μοὶ</strong></span> <span class='ocrx_word' id='word_1_288' title='bbox 682 2702 895 2746; x_wconf 76' lang='grc' dir='ltr'><em>διελθεῖν.</em></span> 
     </span>
    </p>
   </div>
  </div>
 </body>
</html>
