<?xml version="1.0" encoding="UTF-8"?>
<!DOCTYPE html PUBLIC "-//W3C//DTD XHTML 1.0 Transitional//EN"
    "http://www.w3.org/TR/xhtml1/DTD/xhtml1-transitional.dtd">
<html xmlns="http://www.w3.org/1999/xhtml" xml:lang="en" lang="en">
 <head>
  <title>
</title>
<meta http-equiv="Content-Type" content="text/html;charset=utf-8" />
  <meta name='ocr-system' content='tesseract 3.04.00' />
  <meta name='ocr-capabilities' content='ocr_page ocr_carea ocr_par ocr_line ocrx_word'/>
</head>
<body>
  <div class='ocr_page' id='page_1' title='image "4737875_0026.png"; bbox 0 0 1751 3147; ppageno 0'>
   <div class='ocr_carea' id='block_1_1' title="bbox 129 135 1057 192">
    <p class='ocr_par' dir='ltr' id='par_1_1' title="bbox 129 135 1057 192">
     <span class='ocr_line' id='line_1_1' title="bbox 129 135 1057 192; baseline 0.002 -16"><span class='ocrx_word' id='word_1_1' title='bbox 129 135 184 177; x_wconf 82' lang='lat'><strong>20</strong></span> <span class='ocrx_word' id='word_1_2' title='bbox 707 161 764 167; x_wconf 92' lang='lat'><strong>—</strong></span> <span class='ocrx_word' id='word_1_3' title='bbox 826 139 939 192; x_wconf 77' lang='lat'>[222]</span> <span class='ocrx_word' id='word_1_4' title='bbox 1000 162 1057 168; x_wconf 85' lang='lat'><em>-</em></span> 
     </span>
    </p>
   </div>
   <div class='ocr_carea' id='block_1_2' title="bbox 129 260 1639 453">
    <p class='ocr_par' dir='ltr' id='par_1_2' title="bbox 129 260 1639 453">
     <span class='ocr_line' id='line_1_2' title="bbox 130 260 1639 342; baseline 0.001 -39"><span class='ocrx_word' id='word_1_5' title='bbox 130 260 393 316; x_wconf 84' lang='lat' dir='ltr'>longioribus</span> <span class='ocrx_word' id='word_1_6' title='bbox 422 261 679 305; x_wconf 87' lang='lat' dir='ltr'><strong>carminibus</strong></span> <span class='ocrx_word' id='word_1_7' title='bbox 709 261 887 305; x_wconf 85' lang='lat' dir='ltr'><strong>solitarii</strong></span> <span class='ocrx_word' id='word_1_8' title='bbox 916 266 1074 317; x_wconf 88' lang='lat' dir='ltr'><strong>extent,</strong></span> <span class='ocrx_word' id='word_1_9' title='bbox 1114 266 1189 306; x_wconf 86' lang='lat' dir='ltr'><strong>aut</strong></span> <span class='ocrx_word' id='word_1_10' title='bbox 1216 261 1432 306; x_wconf 86' lang='lat' dir='ltr'><strong>traditioni</strong></span> <span class='ocrx_word' id='word_1_11' title='bbox 1462 275 1639 342; x_wconf 85' lang='lat' dir='ltr'><strong>corrup-</strong></span> 
     </span>
     <span class='ocr_line' id='line_1_3' title="bbox 129 328 1209 373; baseline 0.001 -1"><span class='ocrx_word' id='word_1_12' title='bbox 129 333 200 372; x_wconf 88' lang='lat' dir='ltr'><strong>tae</strong></span> <span class='ocrx_word' id='word_1_13' title='bbox 230 328 379 372; x_wconf 87' lang='lat' dir='ltr'><strong>deberi</strong></span> <span class='ocrx_word' id='word_1_14' title='bbox 409 333 483 372; x_wconf 87' lang='lat' dir='ltr'><strong>aut</strong></span> <span class='ocrx_word' id='word_1_15' title='bbox 511 328 649 373; x_wconf 89' lang='lat' dir='ltr'><strong>falsae</strong></span> <span class='ocrx_word' id='word_1_16' title='bbox 677 341 876 372; x_wconf 85' lang='lat' dir='ltr'><strong>versuum</strong></span> <span class='ocrx_word' id='word_1_17' title='bbox 907 329 1209 373; x_wconf 89' lang='lat' dir='ltr'><strong>constitutioni.</strong></span> 
     </span>
     <span class='ocr_line' id='line_1_4' title="bbox 243 395 1639 453; baseline 0.001 -14"><span class='ocrx_word' id='word_1_18' title='bbox 243 395 323 439; x_wconf 90' lang='lat' dir='ltr'><strong>His</strong></span> <span class='ocrx_word' id='word_1_19' title='bbox 366 400 511 440; x_wconf 89' lang='lat' dir='ltr'><strong>autem</strong></span> <span class='ocrx_word' id='word_1_20' title='bbox 555 396 659 440; x_wconf 89' lang='lat' dir='ltr'><strong>locis</strong></span> <span class='ocrx_word' id='word_1_21' title='bbox 699 396 839 440; x_wconf 85' lang='lat' dir='ltr'><strong>exitus</strong></span> <span class='ocrx_word' id='word_1_22' title='bbox 876 396 1054 453; x_wconf 87' lang='lat' dir='ltr'><strong>perfecti</strong></span> <span class='ocrx_word' id='word_1_23' title='bbox 1076 397 1338 442; x_wconf 88' lang='lat' dir='ltr'><strong>restituendi</strong></span> <span class='ocrx_word' id='word_1_24' title='bbox 1378 401 1476 441; x_wconf 86' lang='lat' dir='ltr'><strong>sunt</strong></span> <span class='ocrx_word' id='word_1_25' title='bbox 1513 397 1639 441; x_wconf 85' lang='lat' dir='ltr'><strong>libris</strong></span> 
     </span>
    </p>
   </div>
   <div class='ocr_carea' id='block_1_3' title="bbox 127 463 677 519">
    <p class='ocr_par' dir='ltr' id='par_1_3' title="bbox 127 463 677 519">
     <span class='ocr_line' id='line_1_5' title="bbox 127 463 677 519; baseline 0.004 -13"><span class='ocrx_word' id='word_1_26' title='bbox 127 463 235 519; x_wconf 91' lang='lat' dir='ltr'><strong>ipsis</strong></span> <span class='ocrx_word' id='word_1_27' title='bbox 264 463 655 508; x_wconf 83' lang='lat' dir='ltr'><strong>commendantibus</strong></span> <span class='ocrx_word' id='word_1_28' title='bbox 670 482 677 507; x_wconf 93' lang='lat'>:</span> 
     </span>
    </p>
   </div>
   <div class='ocr_carea' id='block_1_4' title="bbox 127 541 1638 1221">
    <p class='ocr_par' dir='ltr' id='par_1_4' title="bbox 130 541 1634 708">
     <span class='ocr_line' id='line_1_6' title="bbox 249 541 1525 597; baseline -0.001 -22"><span class='ocrx_word' id='word_1_29' title='bbox 249 544 286 597; x_wconf 81' lang='lat'><strong>1)</strong></span> <span class='ocrx_word' id='word_1_30' title='bbox 323 541 358 584; x_wconf 84' lang='lat' dir='ltr'>N</span> <span class='ocrx_word' id='word_1_31' title='bbox 387 542 453 585; x_wconf 85' lang='lat' dir='ltr'><strong>IX</strong></span> <span class='ocrx_word' id='word_1_32' title='bbox 483 546 553 586; x_wconf 58' lang='lat'><strong>52·</strong></span> <span class='ocrx_word' id='word_1_33' title='bbox 616 544 1525 577; x_wconf 56' lang='lat' dir='ltr'><strong>Lw--va-vw--Lu---&#39;u!</strong></span> 
     </span>
     <span class='ocr_line' id='line_1_7' title="bbox 132 606 1634 667; baseline 0.001 -16"><span class='ocrx_word' id='word_1_34' title='bbox 132 607 184 660; x_wconf 79' lang='grc' dir='ltr'><strong>ἅς</strong></span> <span class='ocrx_word' id='word_1_35' title='bbox 199 606 319 652; x_wconf 75' lang='grc' dir='ltr'><strong><em>ποθ’</em></strong></span> <span class='ocrx_word' id='word_1_36' title='bbox 336 609 478 653; x_wconf 78' lang='grc' dir='ltr'><strong><em>ἵπποι</em></strong></span> <span class='ocrx_word' id='word_1_37' title='bbox 492 610 766 667; x_wconf 80' lang='grc' dir='ltr'><strong><em>κτησάμεναι</em></strong></span> <span class='ocrx_word' id='word_1_38' title='bbox 780 613 970 666; x_wconf 83' lang='grc' dir='ltr'><em>Χρομίῳ</em></span> <span class='ocrx_word' id='word_1_39' title='bbox 986 614 1180 666; x_wconf 84' lang='grc' dir='ltr'><strong><em>πέμψαν</em></strong></span> <span class='ocrx_word' id='word_1_40' title='bbox 1193 613 1514 666; x_wconf 74' lang='grc' dir='ltr'><strong><em>θεμιπλέκτοις</em></strong></span> <span class='ocrx_word' id='word_1_41' title='bbox 1531 608 1634 665; x_wconf 81' lang='grc' dir='ltr'><strong>ἅμα</strong></span> 
     </span>
     <span class='ocr_line' id='line_1_8' title="bbox 130 678 431 708; baseline 0.003 -1"><span class='ocrx_word' id='word_1_42' title='bbox 130 678 159 707; x_wconf 75' lang='grc'><strong>-’</strong></span> <span class='ocrx_word' id='word_1_43' title='bbox 180 688 248 708; x_wconf 58' lang='lat' dir='ltr'>w</span> <span class='ocrx_word' id='word_1_44' title='bbox 267 703 296 707; x_wconf 83' lang='lat'><em>-</em></span> <span class='ocrx_word' id='word_1_45' title='bbox 316 683 385 708; x_wconf 59' lang='grc' dir='ltr'><strong>υψ·</strong></span> <span class='ocrx_word' id='word_1_46' title='bbox 407 703 431 708; x_wconf 85' lang='grc'><strong>-</strong></span> 
     </span>
    </p>

    <p class='ocr_par' dir='ltr' id='par_1_5' title="bbox 129 744 721 802">
     <span class='ocr_line' id='line_1_9' title="bbox 129 744 721 802; baseline 0 -16"><span class='ocrx_word' id='word_1_47' title='bbox 129 745 342 788; x_wconf 73' lang='grc' dir='ltr'><strong><em>Λατοΐδα</em></strong></span> <span class='ocrx_word' id='word_1_48' title='bbox 373 744 615 802; x_wconf 85' lang='grc' dir='ltr'><strong><em>στεφάνοις</em></strong></span> <span class='ocrx_word' id='word_1_49' title='bbox 637 778 647 787; x_wconf 90' lang='grc'><strong>.</strong></span> <span class='ocrx_word' id='word_1_50' title='bbox 676 779 684 787; x_wconf 92' lang='grc'><strong>.</strong></span> <span class='ocrx_word' id='word_1_51' title='bbox 713 777 721 786; x_wconf 91' lang='grc'><strong>.</strong></span> 
     </span>
    </p>

    <p class='ocr_par' dir='ltr' id='par_1_6' title="bbox 127 821 1638 1221">
     <span class='ocr_line' id='line_1_10' title="bbox 245 821 1638 882; baseline 0.001 -15"><span class='ocrx_word' id='word_1_52' title='bbox 245 825 351 868; x_wconf 84' lang='lat' dir='ltr'><strong>Cum</strong></span> <span class='ocrx_word' id='word_1_53' title='bbox 391 824 490 867; x_wconf 89' lang='lat' dir='ltr'><strong>libri</strong></span> <span class='ocrx_word' id='word_1_54' title='bbox 529 837 674 867; x_wconf 89' lang='lat' dir='ltr'><strong>omnes</strong></span> <span class='ocrx_word' id='word_1_55' title='bbox 708 824 941 880; x_wconf 86' lang='lat' dir='ltr'><strong>praebeant</strong></span> <span class='ocrx_word' id='word_1_56' title='bbox 969 824 1014 866; x_wconf 90' lang='lat' dir='ltr'><strong>in</strong></span> <span class='ocrx_word' id='word_1_57' title='bbox 1042 824 1128 868; x_wconf 91' lang='lat' dir='ltr'><strong>fine</strong></span> <span class='ocrx_word' id='word_1_58' title='bbox 1157 837 1305 869; x_wconf 90' lang='lat' dir='ltr'><strong>versus</strong></span> <span class='ocrx_word' id='word_1_59' title='bbox 1337 821 1476 882; x_wconf 80' lang='grc' dir='ltr'><strong><em>ἀμφί,</em></strong></span> <span class='ocrx_word' id='word_1_60' title='bbox 1520 825 1638 880; x_wconf 88' lang='lat' dir='ltr'><strong>quod</strong></span> 
     </span>
     <span class='ocr_line' id='line_1_11' title="bbox 129 886 1632 948; baseline -0.001 -12"><span class='ocrx_word' id='word_1_61' title='bbox 129 906 209 936; x_wconf 91' lang='lat' dir='ltr'><strong>nec</strong></span> <span class='ocrx_word' id='word_1_62' title='bbox 247 886 380 936; x_wconf 77' lang='lat' dir='ltr'><strong>metro</strong></span> <span class='ocrx_word' id='word_1_63' title='bbox 419 905 498 936; x_wconf 92' lang='lat' dir='ltr'><strong>nec</strong></span> <span class='ocrx_word' id='word_1_64' title='bbox 537 891 773 936; x_wconf 89' lang='lat' dir='ltr'><strong>sententiae</strong></span> <span class='ocrx_word' id='word_1_65' title='bbox 812 891 1056 947; x_wconf 85' lang='lat' dir='ltr'><strong>conveniat,</strong></span> <span class='ocrx_word' id='word_1_66' title='bbox 1100 893 1330 937; x_wconf 80' lang='lat' dir='ltr'><strong>scholiasta</strong></span> <span class='ocrx_word' id='word_1_67' title='bbox 1367 897 1510 936; x_wconf 88' lang='lat' dir='ltr'><strong>autem</strong></span> <span class='ocrx_word' id='word_1_68' title='bbox 1541 888 1632 948; x_wconf 77' lang='grc' dir='ltr'><strong>ἅμα</strong></span> 
     </span>
     <span class='ocr_line' id='line_1_12' title="bbox 130 957 1638 1015; baseline 0.001 -11"><span class='ocrx_word' id='word_1_69' title='bbox 130 961 343 1015; x_wconf 80' lang='lat' dir='ltr'><strong>exhibeat,</strong></span> <span class='ocrx_word' id='word_1_70' title='bbox 378 960 477 1004; x_wconf 89' lang='lat' dir='ltr'><strong>inde</strong></span> <span class='ocrx_word' id='word_1_71' title='bbox 507 961 561 1004; x_wconf 90' lang='lat' dir='ltr'><strong>ab</strong></span> <span class='ocrx_word' id='word_1_72' title='bbox 591 961 767 1004; x_wconf 89' lang='lat' dir='ltr'><strong>Erasmo</strong></span> <span class='ocrx_word' id='word_1_73' title='bbox 798 959 1015 1004; x_wconf 87' lang='lat' dir='ltr'><strong>Schmidio</strong></span> <span class='ocrx_word' id='word_1_74' title='bbox 1045 974 1191 1006; x_wconf 91' lang='lat' dir='ltr'><strong>omnes</strong></span> <span class='ocrx_word' id='word_1_75' title='bbox 1221 962 1403 1006; x_wconf 80' lang='lat' dir='ltr'><strong>editores</strong></span> <span class='ocrx_word' id='word_1_76' title='bbox 1434 957 1527 1015; x_wconf 76' lang='grc' dir='ltr'><strong>ἅμα</strong></span> <span class='ocrx_word' id='word_1_77' title='bbox 1557 974 1638 1005; x_wconf 88' lang='lat' dir='ltr'><strong>suo</strong></span> 
     </span>
     <span class='ocr_line' id='line_1_13' title="bbox 127 1027 1635 1084; baseline -0.001 -12"><span class='ocrx_word' id='word_1_78' title='bbox 127 1029 219 1072; x_wconf 85' lang='lat' dir='ltr'><strong>iure</strong></span> <span class='ocrx_word' id='word_1_79' title='bbox 248 1029 292 1072; x_wconf 94' lang='lat' dir='ltr'><strong>in</strong></span> <span class='ocrx_word' id='word_1_80' title='bbox 322 1032 482 1072; x_wconf 85' lang='lat' dir='ltr'><strong>textum</strong></span> <span class='ocrx_word' id='word_1_81' title='bbox 511 1033 782 1084; x_wconf 89' lang='lat' dir='ltr'><strong>receperunt:</strong></span> <span class='ocrx_word' id='word_1_82' title='bbox 816 1027 900 1070; x_wconf 92' lang='lat' dir='ltr'><strong>nisi</strong></span> <span class='ocrx_word' id='word_1_83' title='bbox 919 1028 1033 1082; x_wconf 92' lang='lat' dir='ltr'><strong>quod</strong></span> <span class='ocrx_word' id='word_1_84' title='bbox 1053 1028 1290 1073; x_wconf 90' lang='lat' dir='ltr'><strong>debuerunt</strong></span> <span class='ocrx_word' id='word_1_85' title='bbox 1308 1029 1486 1072; x_wconf 90' lang='lat' dir='ltr'><strong>formam</strong></span> <span class='ocrx_word' id='word_1_86' title='bbox 1507 1029 1635 1072; x_wconf 90' lang='lat' dir='ltr'><strong>simul</strong></span> 
     </span>
     <span class='ocr_line' id='line_1_14' title="bbox 129 1091 1635 1153; baseline 0.001 -14"><span class='ocrx_word' id='word_1_87' title='bbox 129 1097 352 1141; x_wconf 87' lang='lat' dir='ltr'><strong>restituere</strong></span> <span class='ocrx_word' id='word_1_88' title='bbox 392 1091 578 1139; x_wconf 86' lang='lat' dir='ltr'><strong>doricam</strong></span> <span class='ocrx_word' id='word_1_89' title='bbox 619 1091 712 1150; x_wconf 82' lang='grc' dir='ltr'><strong>ἁμᾶ</strong></span> <span class='ocrx_word' id='word_1_90' title='bbox 754 1097 833 1149; x_wconf 87' lang='lat' dir='ltr'><strong>(vel</strong></span> <span class='ocrx_word' id='word_1_91' title='bbox 864 1100 910 1139; x_wconf 88' lang='lat' dir='ltr'><strong>ut</strong></span> <span class='ocrx_word' id='word_1_92' title='bbox 938 1096 1013 1139; x_wconf 90' lang='lat' dir='ltr'><strong>alii</strong></span> <span class='ocrx_word' id='word_1_93' title='bbox 1044 1097 1232 1141; x_wconf 86' lang='lat' dir='ltr'><strong>scribunt</strong></span> <span class='ocrx_word' id='word_1_94' title='bbox 1263 1093 1396 1153; x_wconf 79' lang='grc' dir='ltr'><strong><em>ἁμᾷ),</em></strong></span> <span class='ocrx_word' id='word_1_95' title='bbox 1441 1111 1549 1152; x_wconf 92' lang='lat' dir='ltr'><strong>quae</strong></span> <span class='ocrx_word' id='word_1_96' title='bbox 1587 1097 1635 1139; x_wconf 92' lang='lat' dir='ltr'><strong>in</strong></span> 
     </span>
     <span class='ocr_line' id='line_1_15' title="bbox 129 1162 1081 1221; baseline -0.001 -14"><span class='ocrx_word' id='word_1_97' title='bbox 129 1164 299 1221; x_wconf 86' lang='lat' dir='ltr'><strong>optimis</strong></span> <span class='ocrx_word' id='word_1_98' title='bbox 328 1163 449 1207; x_wconf 90' lang='lat' dir='ltr'><strong>libris</strong></span> <span class='ocrx_word' id='word_1_99' title='bbox 479 1167 596 1206; x_wconf 85' lang='lat' dir='ltr'><strong>extat</strong></span> <span class='ocrx_word' id='word_1_100' title='bbox 623 1163 667 1206; x_wconf 91' lang='lat' dir='ltr'><strong>in</strong></span> <span class='ocrx_word' id='word_1_101' title='bbox 696 1162 852 1206; x_wconf 89' lang='lat' dir='ltr'><strong>finibus</strong></span> <span class='ocrx_word' id='word_1_102' title='bbox 881 1175 1081 1206; x_wconf 89' lang='lat' dir='ltr'><strong>versuum</strong></span> 
     </span>
    </p>
   </div>
   <div class='ocr_carea' id='block_1_5' title="bbox 131 1228 1313 1557">
    <p class='ocr_par' dir='ltr' id='par_1_7' title="bbox 243 1228 1313 1424">
     <span class='ocr_line' id='line_1_16' title="bbox 243 1228 1313 1288; baseline -0.002 -13"><span class='ocrx_word' id='word_1_103' title='bbox 243 1231 278 1275; x_wconf 89' lang='grc'>0</span> <span class='ocrx_word' id='word_1_104' title='bbox 308 1232 373 1274; x_wconf 90' lang='grc' dir='ltr'><strong>ΙΠ</strong></span> <span class='ocrx_word' id='word_1_105' title='bbox 403 1233 472 1272; x_wconf 84' lang='grc'><strong>21.</strong></span> <span class='ocrx_word' id='word_1_106' title='bbox 539 1263 738 1272; x_wconf 91' lang='grc'><strong>......</strong></span> <span class='ocrx_word' id='word_1_107' title='bbox 772 1232 846 1273; x_wconf 85' lang='grc' dir='ltr'><strong>καὶ</strong></span> <span class='ocrx_word' id='word_1_108' title='bbox 876 1228 1186 1288; x_wconf 74' lang='grc' dir='ltr'><strong><em>πενταετηρίδ’</em></strong></span> <span class='ocrx_word' id='word_1_109' title='bbox 1221 1229 1313 1285; x_wconf 85' lang='grc' dir='ltr'><strong>ἁμᾶ</strong></span> 
     </span>
     <span class='ocr_line' id='line_1_17' title="bbox 243 1295 1048 1355; baseline -0.002 -13"><span class='ocrx_word' id='word_1_110' title='bbox 243 1299 279 1342; x_wconf 88' lang='lat' dir='ltr'>N</span> <span class='ocrx_word' id='word_1_111' title='bbox 309 1299 346 1342; x_wconf 96' lang='lat' dir='ltr'><strong>V</strong></span> <span class='ocrx_word' id='word_1_112' title='bbox 379 1301 445 1340; x_wconf 92' lang='lat'><strong>11.</strong></span> <span class='ocrx_word' id='word_1_113' title='bbox 542 1331 738 1341; x_wconf 91' lang='grc'><strong>......</strong></span> <span class='ocrx_word' id='word_1_114' title='bbox 773 1306 925 1355; x_wconf 85' lang='grc' dir='ltr'><strong><em>χεῖρας</em></strong></span> <span class='ocrx_word' id='word_1_115' title='bbox 956 1295 1048 1353; x_wconf 80' lang='grc' dir='ltr'><strong>ἁμᾶ</strong></span> 
     </span>
     <span class='ocr_line' id='line_1_18' title="bbox 243 1363 1127 1424; baseline -0.002 -14"><span class='ocrx_word' id='word_1_116' title='bbox 243 1368 279 1410; x_wconf 89' lang='lat' dir='ltr'>N</span> <span class='ocrx_word' id='word_1_117' title='bbox 307 1367 388 1410; x_wconf 92' lang='lat' dir='ltr'><strong>VII</strong></span> <span class='ocrx_word' id='word_1_118' title='bbox 420 1369 487 1409; x_wconf 89' lang='grc'><strong>78.</strong></span> <span class='ocrx_word' id='word_1_119' title='bbox 542 1400 738 1408; x_wconf 93' lang='grc'><em>......</em></span> <span class='ocrx_word' id='word_1_120' title='bbox 776 1363 999 1424; x_wconf 76' lang='grc' dir='ltr'><strong><em>ελέφανθ’</em></strong></span> <span class='ocrx_word' id='word_1_121' title='bbox 1034 1363 1127 1420; x_wconf 81' lang='grc' dir='ltr'><strong>ἁμᾶ</strong></span> 
     </span>
    </p>

    <p class='ocr_par' dir='ltr' id='par_1_8' title="bbox 131 1445 1130 1557">
     <span class='ocr_line' id='line_1_19' title="bbox 131 1445 1082 1502; baseline -0.002 -11"><span class='ocrx_word' id='word_1_122' title='bbox 131 1452 262 1491; x_wconf 87' lang='lat' dir='ltr'><strong>metro</strong></span> <span class='ocrx_word' id='word_1_123' title='bbox 293 1451 436 1490; x_wconf 87' lang='lat' dir='ltr'><strong>autem</strong></span> <span class='ocrx_word' id='word_1_124' title='bbox 465 1445 683 1502; x_wconf 82' lang='lat' dir='ltr'><strong>flagitatur</strong></span> <span class='ocrx_word' id='word_1_125' title='bbox 710 1447 755 1489; x_wconf 89' lang='lat' dir='ltr'><strong>in</strong></span> <span class='ocrx_word' id='word_1_126' title='bbox 783 1446 925 1490; x_wconf 91' lang='lat' dir='ltr'><strong>medio</strong></span> <span class='ocrx_word' id='word_1_127' title='bbox 955 1459 1082 1490; x_wconf 90' lang='lat' dir='ltr'><strong>versu</strong></span> 
     </span>
     <span class='ocr_line' id='line_1_20' title="bbox 242 1514 1130 1557; baseline -0.003 0"><span class='ocrx_word' id='word_1_128' title='bbox 242 1515 475 1557; x_wconf 85' lang='lat' dir='ltr'><strong>P11136.</strong></span> <span class='ocrx_word' id='word_1_129' title='bbox 543 1514 1130 1555; x_wconf 57' lang='grc' dir='ltr'><strong>...έυυ-νυᾱ-έυὲί</strong></span> 
     </span>
    </p>
   </div>
   <div class='ocr_carea' id='block_1_6' title="bbox 542 1577 1530 1638">
    <p class='ocr_par' dir='ltr' id='par_1_9' title="bbox 542 1577 1530 1638">
     <span class='ocr_line' id='line_1_21' title="bbox 542 1577 1530 1638; baseline 0.003 -16"><span class='ocrx_word' id='word_1_130' title='bbox 542 1615 548 1622; x_wconf 97' lang='grc'><strong><em>.</em></strong></span> <span class='ocrx_word' id='word_1_131' title='bbox 580 1615 587 1623; x_wconf 95' lang='grc'><strong>.</strong></span> <span class='ocrx_word' id='word_1_132' title='bbox 618 1615 625 1621; x_wconf 94' lang='grc'><em>.</em></span> <span class='ocrx_word' id='word_1_133' title='bbox 660 1582 823 1624; x_wconf 83' lang='grc' dir='ltr'><strong><em>πολλοὶ</em></strong></span> <span class='ocrx_word' id='word_1_134' title='bbox 854 1580 1064 1638; x_wconf 77' lang='grc' dir='ltr'><strong><em>ἐπαῦρον,</em></strong></span> <span class='ocrx_word' id='word_1_135' title='bbox 1103 1577 1195 1635; x_wconf 84' lang='grc' dir='ltr'><strong>ἁμᾶ</strong></span> <span class='ocrx_word' id='word_1_136' title='bbox 1226 1578 1268 1624; x_wconf 73' lang='lat'><strong>6²</strong></span> <span class='ocrx_word' id='word_1_137' title='bbox 1303 1580 1530 1638; x_wconf 74' lang='grc' dir='ltr'><strong><em>ἔφθαρεν·</em></strong></span> 
     </span>
    </p>
   </div>
   <div class='ocr_carea' id='block_1_7' title="bbox 127 1661 1638 1853">
    <p class='ocr_par' dir='ltr' id='par_1_10' title="bbox 127 1661 1638 1853">
     <span class='ocr_line' id='line_1_22' title="bbox 128 1661 1636 1705; baseline 0 0"><span class='ocrx_word' id='word_1_138' title='bbox 128 1663 202 1705; x_wconf 92' lang='lat' dir='ltr'><strong>ubi</strong></span> <span class='ocrx_word' id='word_1_139' title='bbox 240 1662 470 1705; x_wconf 85' lang='lat' dir='ltr'><strong>scholiasta</strong></span> <span class='ocrx_word' id='word_1_140' title='bbox 499 1661 733 1705; x_wconf 89' lang='lat' dir='ltr'><strong>Herodiani</strong></span> <span class='ocrx_word' id='word_1_141' title='bbox 771 1661 1037 1705; x_wconf 80' lang='lat' dir='ltr'><strong>auctoritate·</strong></span> <span class='ocrx_word' id='word_1_142' title='bbox 1059 1661 1178 1704; x_wconf 90' lang='lat' dir='ltr'><strong>nisus</strong></span> <span class='ocrx_word' id='word_1_143' title='bbox 1207 1661 1392 1705; x_wconf 86' lang='lat' dir='ltr'><strong>doricam</strong></span> <span class='ocrx_word' id='word_1_144' title='bbox 1423 1675 1517 1705; x_wconf 87' lang='lat' dir='ltr'><strong>esse</strong></span> <span class='ocrx_word' id='word_1_145' title='bbox 1546 1662 1636 1705; x_wconf 87' lang='lat' dir='ltr'><strong>for-</strong></span> 
     </span>
     <span class='ocr_line' id='line_1_23' title="bbox 129 1725 1638 1784; baseline -0.001 -11"><span class='ocrx_word' id='word_1_146' title='bbox 129 1745 241 1773; x_wconf 88' lang='lat' dir='ltr'><strong>mam</strong></span> <span class='ocrx_word' id='word_1_147' title='bbox 272 1730 476 1774; x_wconf 87' lang='lat' dir='ltr'><strong>declarat.</strong></span> <span class='ocrx_word' id='word_1_148' title='bbox 538 1729 748 1772; x_wconf 88' lang='lat' dir='ltr'><strong>Pindarus</strong></span> <span class='ocrx_word' id='word_1_149' title='bbox 788 1734 928 1773; x_wconf 87' lang='lat' dir='ltr'><strong>autem</strong></span> <span class='ocrx_word' id='word_1_150' title='bbox 967 1734 1009 1773; x_wconf 93' lang='lat' dir='ltr'><strong>et</strong></span> <span class='ocrx_word' id='word_1_151' title='bbox 1048 1725 1140 1784; x_wconf 80' lang='grc' dir='ltr'><strong>ἅμα</strong></span> <span class='ocrx_word' id='word_1_152' title='bbox 1171 1734 1214 1772; x_wconf 91' lang='lat' dir='ltr'><strong>et</strong></span> <span class='ocrx_word' id='word_1_153' title='bbox 1244 1725 1336 1783; x_wconf 82' lang='grc' dir='ltr'><strong>ἁμᾶ</strong></span> <span class='ocrx_word' id='word_1_154' title='bbox 1365 1730 1500 1773; x_wconf 88' lang='lat' dir='ltr'><strong>forma</strong></span> <span class='ocrx_word' id='word_1_155' title='bbox 1528 1743 1638 1773; x_wconf 88' lang='lat' dir='ltr'><strong>usus</strong></span> 
     </span>
     <span class='ocr_line' id='line_1_24' title="bbox 127 1793 1485 1853; baseline -0.002 -11"><span class='ocrx_word' id='word_1_156' title='bbox 127 1803 214 1846; x_wconf 83' lang='lat' dir='ltr'><strong>est:</strong></span> <span class='ocrx_word' id='word_1_157' title='bbox 250 1802 383 1842; x_wconf 90' lang='lat' dir='ltr'><strong>metro</strong></span> <span class='ocrx_word' id='word_1_158' title='bbox 411 1799 522 1842; x_wconf 91' lang='lat' dir='ltr'><strong>enim</strong></span> <span class='ocrx_word' id='word_1_159' title='bbox 552 1798 770 1853; x_wconf 86' lang='lat' dir='ltr'><strong>flagitatur</strong></span> <span class='ocrx_word' id='word_1_160' title='bbox 801 1793 892 1851; x_wconf 78' lang='grc' dir='ltr'><strong>ἅμα</strong></span> <span class='ocrx_word' id='word_1_161' title='bbox 923 1796 957 1841; x_wconf 89' lang='lat'>0</span> <span class='ocrx_word' id='word_1_162' title='bbox 988 1797 1092 1840; x_wconf 92' lang='lat' dir='ltr'>VIII</span> <span class='ocrx_word' id='word_1_163' title='bbox 1122 1800 1174 1840; x_wconf 85' lang='lat'><strong>45</strong></span> <span class='ocrx_word' id='word_1_164' title='bbox 1206 1802 1248 1840; x_wconf 90' lang='lat' dir='ltr'><strong>et</strong></span> <span class='ocrx_word' id='word_1_165' title='bbox 1277 1797 1314 1840; x_wconf 92' lang='lat' dir='ltr'>N</span> <span class='ocrx_word' id='word_1_166' title='bbox 1342 1798 1384 1840; x_wconf 93' lang='lat' dir='ltr'>X</span> <span class='ocrx_word' id='word_1_167' title='bbox 1416 1800 1485 1840; x_wconf 86' lang='lat'><strong>72</strong></span> 
     </span>
    </p>
   </div>
   <div class='ocr_carea' id='block_1_8' title="bbox 242 1876 1581 2000">
    <p class='ocr_par' dir='ltr' id='par_1_11' title="bbox 242 1876 1581 2000">
     <span class='ocr_line' id='line_1_25' title="bbox 242 1876 1370 1933; baseline -0.005 -21"><span class='ocrx_word' id='word_1_168' title='bbox 242 1876 540 1933; x_wconf 79' lang='lat' dir='ltr'><strong>2)0VI53</strong></span> <span class='ocrx_word' id='word_1_169' title='bbox 603 1877 1370 1911; x_wconf 53' lang='grc' dir='ltr'><strong>..ζυ--ᾼψ--ᾼυυ-υψι-ξ]</strong></span> 
     </span>
     <span class='ocr_line' id='line_1_26' title="bbox 321 1941 1581 2000; baseline 0 -13"><span class='ocrx_word' id='word_1_170' title='bbox 321 1941 418 1988; x_wconf 76' lang='grc' dir='ltr'><strong>οὔτ</strong></span> <span class='ocrx_word' id='word_1_171' title='bbox 454 1944 565 1988; x_wconf 80' lang='grc' dir='ltr'><strong><em>ἰδεῖν</em></strong></span> <span class='ocrx_word' id='word_1_172' title='bbox 595 1942 777 1999; x_wconf 74' lang='grc' dir='ltr'><strong><em>εὔχοντο</em></strong></span> <span class='ocrx_word' id='word_1_173' title='bbox 809 1953 1068 1999; x_wconf 89' lang='grc' dir='ltr'><strong><em>πεμπταῖον</em></strong></span> <span class='ocrx_word' id='word_1_174' title='bbox 1098 1948 1405 2000; x_wconf 81' lang='grc' dir='ltr'><strong><em>γεγεναμένον.</em></strong></span> <span class='ocrx_word' id='word_1_175' title='bbox 1470 1942 1581 1988; x_wconf 83' lang='grc' dir='ltr'><em>ἀλλά</em></span> 
     </span>
    </p>
   </div>
   <div class='ocr_carea' id='block_1_9' title="bbox 117 2015 1632 2764">
    <p class='ocr_par' dir='ltr' id='par_1_12' title="bbox 397 2015 1045 2138">
     <span class='ocr_line' id='line_1_27' title="bbox 399 2015 681 2045; baseline 0 -1"><span class='ocrx_word' id='word_1_176' title='bbox 399 2039 426 2044; x_wconf 88' lang='grc'>-</span> <span class='ocrx_word' id='word_1_177' title='bbox 448 2015 478 2044; x_wconf 80' lang='grc'><strong>-’</strong></span> <span class='ocrx_word' id='word_1_178' title='bbox 498 2026 531 2045; x_wconf 73' lang='grc' dir='ltr'><strong>υ</strong></span> <span class='ocrx_word' id='word_1_179' title='bbox 551 2038 581 2044; x_wconf 81' lang='grc'><strong>-</strong></span> <span class='ocrx_word' id='word_1_180' title='bbox 603 2039 631 2044; x_wconf 80' lang='grc'>-</span> <span class='ocrx_word' id='word_1_181' title='bbox 651 2039 681 2044; x_wconf 81' lang='grc'><strong>-</strong></span> 
     </span>
     <span class='ocr_line' id='line_1_28' title="bbox 397 2080 1045 2138; baseline -0.003 -14"><span class='ocrx_word' id='word_1_182' title='bbox 397 2085 619 2138; x_wconf 73' lang='grc' dir='ltr'><strong>κέκρυπτο</strong></span> <span class='ocrx_word' id='word_1_183' title='bbox 649 2080 733 2138; x_wconf 74' lang='grc' dir='ltr'><strong>γὰρ</strong></span> <span class='ocrx_word' id='word_1_184' title='bbox 764 2085 972 2137; x_wconf 69' lang='grc' dir='ltr'><strong><em>σχοίνῳ.</em></strong></span> <span class='ocrx_word' id='word_1_185' title='bbox 1001 2115 1009 2122; x_wconf 90' lang='grc'><strong>.</strong></span> <span class='ocrx_word' id='word_1_186' title='bbox 1038 2115 1045 2122; x_wconf 94' lang='grc'><strong>.</strong></span> 
     </span>
    </p>

    <p class='ocr_par' dir='ltr' id='par_1_13' title="bbox 117 2158 1632 2764">
     <span class='ocr_line' id='line_1_29' title="bbox 239 2158 1631 2218; baseline -0.001 -14"><span class='ocrx_word' id='word_1_187' title='bbox 239 2161 384 2205; x_wconf 84' lang='lat' dir='ltr'><strong>Codex</strong></span> <span class='ocrx_word' id='word_1_188' title='bbox 414 2162 598 2218; x_wconf 91' lang='lat' dir='ltr'><strong>optimus</strong></span> <span class='ocrx_word' id='word_1_189' title='bbox 628 2163 666 2204; x_wconf 95' lang='lat' dir='ltr'>A</span> <span class='ocrx_word' id='word_1_190' title='bbox 707 2167 838 2205; x_wconf 87' lang='lat' dir='ltr'><strong>metro</strong></span> <span class='ocrx_word' id='word_1_191' title='bbox 877 2166 919 2205; x_wconf 89' lang='lat' dir='ltr'><strong>et</strong></span> <span class='ocrx_word' id='word_1_192' title='bbox 959 2174 1086 2205; x_wconf 89' lang='lat' dir='ltr'><strong>sensu</strong></span> <span class='ocrx_word' id='word_1_193' title='bbox 1123 2162 1268 2205; x_wconf 90' lang='lat' dir='ltr'><strong>invitis</strong></span> <span class='ocrx_word' id='word_1_194' title='bbox 1307 2162 1484 2217; x_wconf 88' lang='lat' dir='ltr'><strong>praebet</strong></span> <span class='ocrx_word' id='word_1_195' title='bbox 1524 2158 1631 2204; x_wconf 70' lang='grc' dir='ltr'><em>ἀλλ”</em></span> 
     </span>
     <span class='ocr_line' id='line_1_30' title="bbox 124 2226 1627 2287; baseline -0.001 -14"><span class='ocrx_word' id='word_1_196' title='bbox 124 2230 391 2286; x_wconf 77' lang='grc' dir='ltr'><strong><em>ἐκρύπτετο,</em></strong></span> <span class='ocrx_word' id='word_1_197' title='bbox 438 2230 605 2273; x_wconf 81' lang='lat' dir='ltr'><strong>codices</strong></span> <span class='ocrx_word' id='word_1_198' title='bbox 635 2231 705 2274; x_wconf 84' lang='lat' dir='ltr'><strong>BC</strong></span> <span class='ocrx_word' id='word_1_199' title='bbox 746 2226 845 2272; x_wconf 71' lang='grc' dir='ltr'><strong>ἀλλ’</strong></span> <span class='ocrx_word' id='word_1_200' title='bbox 891 2229 1182 2287; x_wconf 78' lang='grc' dir='ltr'><strong><em>ἐγκέκρυπτο,</em></strong></span> <span class='ocrx_word' id='word_1_201' title='bbox 1224 2229 1338 2272; x_wconf 84' lang='lat' dir='ltr'><strong>unde</strong></span> <span class='ocrx_word' id='word_1_202' title='bbox 1368 2230 1627 2283; x_wconf 70' lang='lat' dir='ltr'><strong>Boeckhius,</strong></span> 
     </span>
     <span class='ocr_line' id='line_1_31' title="bbox 123 2297 1628 2354; baseline -0.001 -13"><span class='ocrx_word' id='word_1_203' title='bbox 123 2299 191 2341; x_wconf 91' lang='lat' dir='ltr'><strong>cui</strong></span> <span class='ocrx_word' id='word_1_204' title='bbox 221 2311 274 2341; x_wconf 89' lang='lat' dir='ltr'><strong>ex</strong></span> <span class='ocrx_word' id='word_1_205' title='bbox 304 2297 614 2341; x_wconf 87' lang='lat' dir='ltr'><strong>recentioribus</strong></span> <span class='ocrx_word' id='word_1_206' title='bbox 644 2298 985 2354; x_wconf 88' lang='lat' dir='ltr'><strong>obtemperarunt</strong></span> <span class='ocrx_word' id='word_1_207' title='bbox 1013 2298 1298 2340; x_wconf 89' lang='lat' dir='ltr'><strong>Mommsenus</strong></span> <span class='ocrx_word' id='word_1_208' title='bbox 1328 2301 1371 2339; x_wconf 89' lang='lat' dir='ltr'><strong>et</strong></span> <span class='ocrx_word' id='word_1_209' title='bbox 1400 2297 1628 2351; x_wconf 72' lang='lat' dir='ltr'><strong>Christiusr</strong></span> 
     </span>
     <span class='ocr_line' id='line_1_32' title="bbox 122 2361 1630 2421; baseline -0.001 -12"><span class='ocrx_word' id='word_1_210' title='bbox 122 2366 280 2421; x_wconf 84' lang='lat' dir='ltr'><strong>optime</strong></span> <span class='ocrx_word' id='word_1_211' title='bbox 310 2365 450 2409; x_wconf 85' lang='lat' dir='ltr'><strong>effecit</strong></span> <span class='ocrx_word' id='word_1_212' title='bbox 482 2361 583 2407; x_wconf 76' lang='grc' dir='ltr'><strong>ἀλλ’</strong></span> <span class='ocrx_word' id='word_1_213' title='bbox 619 2364 667 2407; x_wconf 78' lang='grc' dir='ltr'><strong>ἐν</strong></span> <span class='ocrx_word' id='word_1_214' title='bbox 698 2365 702 2421; x_wconf 65' lang='grc' dir='ltr'>Ι</span> <span class='ocrx_word' id='word_1_215' title='bbox 735 2367 971 2421; x_wconf 87' lang='grc' dir='ltr'><strong><em>κέκρυπτο.</em></strong></span> <span class='ocrx_word' id='word_1_216' title='bbox 1014 2366 1284 2408; x_wconf 89' lang='lat' dir='ltr'><strong>Hermannus</strong></span> <span class='ocrx_word' id='word_1_217' title='bbox 1313 2368 1468 2418; x_wconf 80' lang='lat' dir='ltr'><strong>autem,</strong></span> <span class='ocrx_word' id='word_1_218' title='bbox 1503 2377 1630 2420; x_wconf 88' lang='lat' dir='ltr'><strong>quem</strong></span> 
     </span>
     <span class='ocr_line' id='line_1_33' title="bbox 120 2429 1632 2490; baseline -0.001 -14"><span class='ocrx_word' id='word_1_219' title='bbox 120 2434 333 2489; x_wconf 84' lang='lat' dir='ltr'><strong>Bergkius</strong></span> <span class='ocrx_word' id='word_1_220' title='bbox 363 2437 535 2477; x_wconf 86' lang='lat' dir='ltr'><strong>secutus</strong></span> <span class='ocrx_word' id='word_1_221' title='bbox 566 2437 643 2486; x_wconf 89' lang='lat' dir='ltr'><strong>est,</strong></span> <span class='ocrx_word' id='word_1_222' title='bbox 680 2432 844 2477; x_wconf 86' lang='lat' dir='ltr'><strong>effinxit</strong></span> <span class='ocrx_word' id='word_1_223' title='bbox 864 2429 977 2475; x_wconf 82' lang='grc' dir='ltr'><strong><em>ἄλλά</em></strong></span> <span class='ocrx_word' id='word_1_224' title='bbox 1011 2432 1014 2489; x_wconf 89' lang='grc' dir='ltr'>Ι</span> <span class='ocrx_word' id='word_1_225' title='bbox 1047 2435 1292 2490; x_wconf 83' lang='grc' dir='ltr'><strong><em>κέκρυπτο;</em></strong></span> <span class='ocrx_word' id='word_1_226' title='bbox 1328 2432 1410 2475; x_wconf 90' lang='lat' dir='ltr'><strong>etsi</strong></span> <span class='ocrx_word' id='word_1_227' title='bbox 1428 2445 1512 2475; x_wconf 93' lang='lat' dir='ltr'><strong>non</strong></span> <span class='ocrx_word' id='word_1_228' title='bbox 1532 2446 1632 2476; x_wconf 89' lang='lat' dir='ltr'><strong>raro·</strong></span> 
     </span>
     <span class='ocr_line' id='line_1_34' title="bbox 119 2500 1630 2560; baseline -0.001 -14"><span class='ocrx_word' id='word_1_229' title='bbox 119 2504 236 2560; x_wconf 92' lang='lat' dir='ltr'><strong>apud</strong></span> <span class='ocrx_word' id='word_1_230' title='bbox 266 2503 498 2546; x_wconf 88' lang='lat' dir='ltr'><strong>Pindarum</strong></span> <span class='ocrx_word' id='word_1_231' title='bbox 534 2501 790 2558; x_wconf 88' lang='lat' dir='ltr'><strong>praepositio</strong></span> <span class='ocrx_word' id='word_1_232' title='bbox 820 2515 846 2544; x_wconf 92' lang='lat' dir='ltr'><strong>a</strong></span> <span class='ocrx_word' id='word_1_233' title='bbox 876 2502 1140 2545; x_wconf 88' lang='lat' dir='ltr'><strong>substantivo</strong></span> <span class='ocrx_word' id='word_1_234' title='bbox 1169 2513 1319 2544; x_wconf 88' lang='lat' dir='ltr'><strong>versus</strong></span> <span class='ocrx_word' id='word_1_235' title='bbox 1348 2500 1431 2543; x_wconf 89' lang='lat' dir='ltr'><strong>fine</strong></span> <span class='ocrx_word' id='word_1_236' title='bbox 1463 2500 1630 2544; x_wconf 88' lang='lat' dir='ltr'><strong>disiun-</strong></span> 
     </span>
     <span class='ocr_line' id='line_1_35' title="bbox 119 2568 1625 2627; baseline -0.001 -12"><span class='ocrx_word' id='word_1_237' title='bbox 119 2572 246 2627; x_wconf 83' lang='lat' dir='ltr'><strong>gitur,</strong></span> <span class='ocrx_word' id='word_1_238' title='bbox 282 2585 321 2615; x_wconf 86' lang='lat' dir='ltr'><strong>e.</strong></span> <span class='ocrx_word' id='word_1_239' title='bbox 350 2585 392 2627; x_wconf 86' lang='lat' dir='ltr'><strong>g.</strong></span> <span class='ocrx_word' id='word_1_240' title='bbox 429 2568 464 2614; x_wconf 89' lang='lat'>0</span> <span class='ocrx_word' id='word_1_241' title='bbox 494 2570 538 2613; x_wconf 88' lang='grc' dir='ltr'>Χ</span> <span class='ocrx_word' id='word_1_242' title='bbox 568 2572 637 2624; x_wconf 82' lang='grc'><strong>21,</strong></span> <span class='ocrx_word' id='word_1_243' title='bbox 671 2570 778 2613; x_wconf 93' lang='lat' dir='ltr'>XIII</span> <span class='ocrx_word' id='word_1_244' title='bbox 812 2571 904 2624; x_wconf 88' lang='grc'><strong>108,</strong></span> <span class='ocrx_word' id='word_1_245' title='bbox 938 2568 975 2612; x_wconf 84' lang='grc' dir='ltr'><strong>Ν</strong></span> <span class='ocrx_word' id='word_1_246' title='bbox 1005 2570 1043 2613; x_wconf 96' lang='lat' dir='ltr'><strong>V</strong></span> <span class='ocrx_word' id='word_1_247' title='bbox 1072 2572 1141 2624; x_wconf 88' lang='lat'><strong>40,</strong></span> <span class='ocrx_word' id='word_1_248' title='bbox 1175 2569 1218 2612; x_wconf 91' lang='lat' dir='ltr'>X</span> <span class='ocrx_word' id='word_1_249' title='bbox 1248 2571 1316 2623; x_wconf 88' lang='lat'><strong>31,</strong></span> <span class='ocrx_word' id='word_1_250' title='bbox 1351 2573 1394 2612; x_wconf 89' lang='lat' dir='ltr'><strong>et</strong></span> <span class='ocrx_word' id='word_1_251' title='bbox 1423 2582 1449 2612; x_wconf 87' lang='lat' dir='ltr'><strong>a</strong></span> <span class='ocrx_word' id='word_1_252' title='bbox 1477 2570 1625 2624; x_wconf 87' lang='lat' dir='ltr'><strong>verbo</strong></span> 
     </span>
     <span class='ocr_line' id='line_1_36' title="bbox 117 2634 1627 2733; baseline -0.002 -51"><span class='ocrx_word' id='word_1_253' title='bbox 117 2644 164 2683; x_wconf 85' lang='lat' dir='ltr'><strong>ut</strong></span> <span class='ocrx_word' id='word_1_254' title='bbox 192 2639 273 2683; x_wconf 86' lang='lat' dir='ltr'><strong>hoc</strong></span> <span class='ocrx_word' id='word_1_255' title='bbox 301 2640 418 2692; x_wconf 81' lang='grc'><strong>1000,</strong></span> <span class='ocrx_word' id='word_1_256' title='bbox 466 2637 501 2681; x_wconf 88' lang='grc'><strong>0</strong></span> <span class='ocrx_word' id='word_1_257' title='bbox 531 2639 612 2681; x_wconf 93' lang='lat' dir='ltr'><strong>VII</strong></span> <span class='ocrx_word' id='word_1_258' title='bbox 643 2639 697 2680; x_wconf 87' lang='lat'><strong>43</strong></span> <span class='ocrx_word' id='word_1_259' title='bbox 729 2637 777 2681; x_wconf 77' lang='grc' dir='ltr'><strong>ἐν</strong></span> <span class='ocrx_word' id='word_1_260' title='bbox 807 2634 848 2680; x_wconf 76' lang='grc' dir='ltr'><strong>δ’</strong></span> <span class='ocrx_word' id='word_1_261' title='bbox 885 2634 1048 2693; x_wconf 82' lang='grc' dir='ltr'><strong><em>ἀρετάν</em></strong></span> <span class='ocrx_word' id='word_1_262' title='bbox 1085 2637 1089 2694; x_wconf 90' lang='grc' dir='ltr'>Ι</span> <span class='ocrx_word' id='word_1_263' title='bbox 1133 2636 1293 2690; x_wconf 74' lang='grc' dir='ltr'><strong><em>’ἔβαλεν</em></strong></span> <span class='ocrx_word' id='word_1_264' title='bbox 1322 2638 1396 2678; x_wconf 83' lang='grc' dir='ltr'><strong>καὶ</strong></span> <span class='ocrx_word' id='word_1_265' title='bbox 1425 2634 1627 2733; x_wconf 85' lang='grc' dir='ltr'><strong><em>χάρματ</em></strong></span> 
     </span>
     <span class='ocr_line' id='line_1_37' title="bbox 117 2705 419 2764; baseline 0 -14"><span class='ocrx_word' id='word_1_266' title='bbox 117 2705 419 2764; x_wconf 78' lang='grc' dir='ltr'><strong><em>ἀνθρώποισι.</em></strong></span> 
     </span>
    </p>
   </div>
  </div>
 </body>
</html>
