1751 3147
649 817 1069 882 PRAEFATIO.

224 1076 368 1118 Trium
397 1088 505 1130 quas
535 1075 589 1118 de
618 1074 763 1117 metris
782 1073 953 1117 Pindari
973 1074 1296 1129 conscripsimus
1315 1074 1608 1128 quaestionum

112 1145 303 1200 prima,
346 1156 457 1198 quae
496 1142 553 1185 ad
591 1142 731 1185 omnia
765 1141 949 1197 epinicia
977 1142 1182 1197 pertinet,
1227 1132 1608 1185 demonstrabimus

112 1212 340 1255 Pindarum
369 1211 414 1254 in
444 1215 631 1254 extremo
660 1223 799 1263 versu,
835 1208 908 1253 ubi
937 1222 1081 1253 omnes
1110 1214 1263 1265 poetae
1293 1209 1447 1253 Graeci
1476 1210 1610 1265 sylla-

112 1281 209 1322 bam
240 1279 535 1334 ancipitem
564 1279 627 1321 ita
656 1277 881 1320 admisisse
911 1277 1118 1330 dicuntur,
1154 1282 1200 1320 ut
1223 1291 1298 1333 pro
1318 1277 1493 1320 arbitrio
1512 1278 1609 1320 bre-

113 1362 207 1392 vem
238 1351 312 1391 aut
340 1347 509 1402 longam
540 1346 751 1403 syllabam
781 1350 1006 1402 ponerent,
1042 1345 1231 1389 consulto
1261 1346 1445 1389 evitasse
1475 1346 1610 1402 sylla-

105 1419 191 1460 ·bas
221 1416 357 1459 vocali
386 1416 504 1459 brevi
532 1414 792 1458 terminatas.
852 1414 1060 1469 Legitime
1079 1414 1210 1469 igitur
1229 1427 1378 1458 versus
1397 1415 1609 1458 Pindarici

112 1485 226 1530 exire
255 1489 433 1541 possunt
459 1484 503 1527 in
533 1483 723 1541 syllabas
751 1483 869 1527 velut
896 1498 1026 1537 -τως,
1061 1499 1168 1538 -τω,
1204 1499 1327 1539 -τος,
1361 1483 1609 1540 illegitimus

112 1559 253 1598 autem
285 1553 422 1597 exitus
454 1557 519 1596 est
548 1566 586 1596 e.
610 1566 654 1607 g.
678 1553 723 1594 in
742 1567 831 1594 -το.
885 1552 1006 1604 Quod
1036 1552 1264 1596 discrimen
1294 1566 1386 1596 cum
1418 1552 1461 1595 in
1490 1553 1610 1596 libris

112 1623 165 1667 de
194 1636 241 1667 re
270 1622 444 1666 metrica
473 1620 720 1677 conscriptis
750 1634 833 1664 non
863 1621 1131 1664 observatum
1166 1621 1241 1674 sit,
1285 1634 1420 1676 neque
1457 1634 1610 1665 nomen

111 1691 317 1734 sollemne
355 1690 524 1745 praesto
564 1689 640 1741 sit,
683 1703 767 1744 quo
805 1689 944 1732 exitus
982 1689 1027 1731 in
1066 1690 1255 1733 vocalem
1294 1691 1467 1733 brevem
1502 1691 1602 1744 (-το)

113 1759 269 1803 cadens
299 1758 583 1813 distinguatur
612 1758 666 1801 ab
696 1757 879 1801 exitibus
909 1757 952 1800 in
983 1761 1280 1801 consonantem
1322 1760 1458 1812 (-τως,
1492 1758 1604 1813 -τος)

113 1833 154 1871 et
190 1827 235 1870 in
272 1827 462 1870 vocalem
502 1827 672 1881 longam
708 1827 819 1881 (-τω)
865 1825 1114 1869 cadentibus
1159 1827 1269 1881 (nam
1299 1826 1438 1870 brevis
1470 1826 1609 1870 exitus

112 1910 194 1939 non
224 1895 362 1938 minus
392 1895 467 1938 ille
497 1894 704 1954 appellari
733 1898 893 1950 potest,
937 1894 1009 1949 qui
1047 1894 1093 1937 fit
1121 1894 1165 1937 in
1195 1895 1405 1950 syllabam
1434 1895 1606 1938 brevem

113 1968 367 2008 consonante
396 1963 662 2007 terminatam
698 1964 825 2017 [-τος]
859 1976 986 2017 quam
1016 1963 1076 2013 is,
1119 1963 1193 2018 qui
1221 1963 1266 2006 in
1294 1963 1483 2007 vocalem
1512 1964 1610 2007 bre-

112 2048 207 2077 vem
236 2034 284 2077 fit
317 2034 456 2087 [-το]),
491 2036 538 2075 ut
565 2045 647 2075 uno
676 2032 805 2075 verbo
826 2045 916 2089 rem
936 2031 1236 2086 significemus,
1271 2032 1426 2087 exitus,
1459 2033 1610 2088 quales

113 2107 210 2144 sunt
238 2117 361 2155 -τως,
396 2117 496 2154 -τω,
530 2116 644 2154 -τος,
677 2100 989 2156 appellabimus
1018 2100 1316 2156 perfectos,
1352 2105 1497 2144 contra
1517 2101 1610 2144 exi-

113 2174 179 2213 tus
209 2170 253 2212 in
283 2170 472 2213 vocalem
502 2169 673 2212 brevem
703 2168 916 2223 cadentes,
951 2168 1089 2223 qualis
1120 2173 1186 2212 est
1214 2184 1301 2222 -το,
1338 2169 1478 2212 exitus
1508 2169 1607 2212 im-

112 2253 173 2293 pe
186 2238 405 2282 rfectos.

223 2308 273 2349 In
303 2308 481 2350 altera
509 2307 756 2361 quaestione
785 2319 961 2362 agemus
991 2307 1054 2349 de
1092 2307 1344 2350 versibus
1384 2312 1435 2350 et
1468 2308 1610 2350 colis

111 2388 254 2418 earum
286 2374 565 2432 stropharum,
601 2388 707 2430 quas
729 2375 780 2418 G.
804 2375 1088 2418 Hermannum
1121 2375 1254 2419 secuti
1285 2375 1502 2419 doricas
1532 2390 1611 2432 ap-

110 2443 273 2498 pellare
303 2443 612 2487 consuevimus.
666 2444 778 2487 Sane
808 2457 901 2487 cum
920 2443 1153 2486 Hermanni
1184 2443 1326 2487 studia
1351 2444 1526 2487 metrica
1546 2445 1611 2487 in-

110 2515 172 2553 ter
201 2509 510 2565 philologorum
540 2512 717 2566 plausus
747 2516 1028 2566 senescerent,
1061 2525 1143 2554 non
1173 2511 1299 2555 modo
1330 2513 1370 2555 ei
1398 2512 1471 2567 qui
1495 2517 1611 2568 post-

110 2592 237 2637 quam
276 2578 504 2623 identidem
537 2580 766 2636 voluptatis
796 2593 925 2624 causa
955 2580 1288 2635 degustaverunt
1316 2580 1456 2636 magis
1485 2595 1611 2636 quam

111 2646 423 2702 perdidicerunt
452 2653 586 2692 artem
617 2649 855 2702 metricam,
901 2649 1216 2693 tumultuariam
1257 2654 1299 2693 et
1337 2650 1610 2705 incogitatam

111 2729 280 2773 operam
309 2715 354 2759 in
383 2715 464 2759 hac
493 2716 721 2774 disciplina
750 2719 1020 2773 collocarunt,
1057 2718 1133 2762 sed
1163 2718 1291 2762 etiam
1319 2719 1512 2763 acumine
1535 2733 1611 2762 suo
