1751 3147
719 154 776 160 —
838 131 949 184 [227]
1012 154 1068 160 —-
1529 79 1534 83 Ι
1590 131 1644 170 25
1689 157 1692 160 .

313 328 402 367 Ζεῦ
418 322 597 382 πάτερ,
640 325 728 365 τῶν
755 321 860 375 μὰν
889 321 1046 378 ε’ραται
1075 325 1228 378 φρενί,
1265 327 1368 379 σιγᾷ
1399 322 1441 364 οἱ
1471 321 1639 376 στόμα·

585 393 680 433 πᾶν
708 389 766 432 δὲ
795 390 921 467 τέλος

315 459 363 502 ἐν
391 460 461 502 τὶν
489 457 631 515 ε’ργων
663 491 673 500 .
701 491 710 500 .
738 491 747 500 .
776 491 785 500 .

143 528 216 571 ubi
244 528 390 570 omnes
419 526 517 570 libri
545 526 590 570 in
619 529 702 581 μέν
730 526 911 571 lectione
942 526 1220 571 consentiunt.

261 621 324 672 12)
362 618 397 663 0
427 618 491 661 IX
523 621 590 660 77.

626 693 929 743 παραγορεῖτο
959 685 1018 742 μή
1049 701 1159 739 ποτε

143 759 209 797 est
238 766 385 796 versus
414 753 576 809 primus
606 753 732 809 epodi
761 752 814 808 γ’,
859 753 929 808 qui
967 753 1012 796 in
1046 753 1239 796 omnibus
1268 753 1417 809 epodis
1447 754 1643 809 coniungi

142 825 282 877 potest
310 834 403 864 oum
432 821 564 864 altero

416 900 813 930 v-'u-u-uss
845 899 848 955 Ι
881 901 1371 934 υυ-υ-υ-υι-Ξ

145 983 219 1010 επ.
244 966 301 1010 α’.
337 966 421 1023 ἐγὼ
440 966 489 1009 δέ
510 983 580 1009 τοι
599 967 738 1024 φίλαν
757 965 894 1010 πόλιν
925 966 929 1023 Ι
962 967 1177 1023 μαλεραῖς
1198 966 1455 1024 ἐπιφλέγων
1470 965 1645 1019 ἀοιδαῖς

145 1051 219 1079 επ.
243 1034 301 1090 β’.
334 1037 578 1091 νεωτέρων.
630 1035 806 1091 λέγοντι
833 1033 924 1089 μὰν
955 1034 959 1091 Ι
991 1033 1142 1089 χθόνα
1176 1069 1185 1078 .
1213 1069 1222 1077 .

146 1119 220 1146 επ.
244 1103 299 1159 γ’.
333 1111 634 1159 παραγορεῖτο
664 1102 725 1160 μή
755 1117 866 1145 ποτε
899 1103 903 1158 Ι
937 1106 1156 1160 σφετέρας
1190 1137 1199 1145 .
1228 1137 1236 1145 .
1265 1138 1273 1145 .

146 1187 219 1214 επ.
245 1170 299 1214 δ’.
332 1167 449 1214 ὁδῶν
479 1166 577 1214 ὃδοὶ
605 1173 881 1227 περαίτεραι,
918 1169 922 1224 Ι
955 1167 1110 1224 μία“δ’
1145 1168 1225 1225 οὐχ
1259 1205 1268 1214 .
1296 1205 1305 1214 .
1334 1205 1343 1214 .
1371 1205 1380 1213 .

264 1263 329 1313 13)
363 1260 398 1304 0
428 1260 531 1302 XIV
564 1264 602 1302 1.

488 1330 729 1384 Καφισίων
756 1323 932 1371 ὑδάτων
961 1329 1177 1381 λαχοῖσαν
1206 1327 1301 1371 αἵτε

258 1396 381 1448 Quod
409 1395 651 1438 Boeckhius
689 1395 802 1437 huno
838 1408 1008 1438 versum
1039 1395 1101 1438 ita
1139 1395 1358 1439 constituit
1395 1400 1438 1439 et
1476 1409 1644 1440 versum

146 1464 399 1521 parallelum
429 1463 718 1519 antistrophae
757 1455 791 1504 ὦ
829 1459 985 1507 πότνι’
1023 1459 1206 1519 Ἀγλαΐα
1246 1464 1550 1520 φιλησίμολπέ
1580 1462 1639 1519 τ’,

144 1531 191 1574 id
220 1545 270 1575 eo
299 1530 529 1585 refellitur,
565 1531 679 1585 quod
707 1543 856 1574 versus
885 1530 1079 1574 desinere
1107 1544 1192 1574 non
1220 1535 1360 1586 potest
1386 1531 1431 1574 in
1459 1534 1644 1576 vocabu-

146 1600 234 1643 lum
264 1598 442 1643 elisione
471 1599 726 1642 mutilatum.
778 1599 909 1648 Reete
939 1598 1069 1654 igitur
1097 1598 1351 1653 posteriores
1371 1599 1554 1643 editores
1573 1607 1648 1644 aut

145 1667 379 1711 diviserunt
408 1670 503 1722 post
529 1662 727 1720 ὑδάτων,
774 1670 848 1710 aut
876 1670 1164 1710 eonexuerunt
1191 1670 1322 1710 totum
1352 1680 1520 1711 versum
1533 1698 1536 1700 -
1550 1681 1643 1712 cum

145 1748 357 1792 pronmo:

259 1815 580 1846 ...Δυ-υυ-
614 1814 733 1870 Ιυ-

808 1813 1348 1849 ᾼυ-υυ-υ-ὐι-,Ξ

147 1886 388 1940 Καφισίων
406 1878 583 1925 ὑδάτων
614 1882 617 1938 Ι
651 1883 890 1936 λαχοῖσαι,
897 1885 1019 1924 ταίτε
1038 1884 1185 1924 ναίετε
1206 1882 1491 1925 καλλίπωλον
1511 1882 1646 1939 έδραν

146 1952 181 1993 ὠ
209 1946 361 1994 πότνι’
395 1947 578 2006 Ἀγλαΐα
611 1948 615 2002 Ι
649 1949 954 2006 φιλησίμολπέ
983 1945 1025 1991 τ’
1060 1944 1351 2005 Εὐφροσύνα,
1386 1953 1508 1994 θεῶν
1536 1967 1645 2006 κρα-

981 2019 1133 2058 τίστου

259 2086 310 2129 In
348 2085 473 2141 primi
510 2097 659 2128 versus
695 2083 876 2128 lectione
915 2083 1174 2128 stabilienda
1212 2085 1335 2140 parui
1373 2085 1559 2141 Bergkio
1604 2092 1647 2130 et

147 2154 344 2208 Christio,
379 2153 479 2208 quia
499 2152 704 2197 Boeokhii
734 2152 950 2206 λαχοῖσαν
977 2152 1177 2196 traditum
1206 2166 1290 2196 non
1319 2157 1397 2207 est,
1430 2153 1479 2197 id
1503 2159 1646 2198 autem

146 2222 259 2278 quod
288 2222 574 2266 Mommsenus
603 2221 648 2264 in
677 2220 992 2265 adnotationum
1022 2221 1329 2276 supplementis
1360 2220 1564 2275 defendit,
1606 2252 1609 2254 -

775 2299 963 2320 υ-υ-
984 2299 1017 2318 υ

687 2374 689 2376 ’
730 2357 938 2409 λαχοῖσαι
967 2355 1061 2398 αι’τε

146 2425 354 2482 exemplis
395 2437 504 2479 quae
542 2395 684 2467 attulit
720 2428 763 2467 et
800 2423 906 2480 ipsis
944 2422 1176 2480 suspicioni
1214 2423 1408 2467 obnoxiis
1447 2423 1486 2467 P
1525 2425 1562 2468 V
1593 2427 1646 2468 68

147 2497 190 2536 et
218 2492 258 2535 P
286 2493 390 2535 VIII
420 2494 474 2534 96
503 2491 671 2548 probari
699 2505 783 2534 non
812 2496 972 2547 potest,
1016 2504 1110 2534 cum
1144 2504 1229 2533 non
1259 2491 1364 2535 satis
1394 2491 1516 2535 firma
1545 2493 1643 2548 sint,

146 2560 298 2615 quibus
338 2560 646 2603 demonstretur
673 2560 865 2615 regulam
895 2559 1014 2602 illam
1043 2559 1192 2602 violari
1222 2572 1350 2615 posse
1363 2594 1373 2614 ,
1416 2561 1646 2604 seeundum

146 2634 273 2685 quam
310 2628 470 2672 vocalis
508 2628 637 2683 longa
673 2631 747 2670 aut
784 2626 1071 2684 diphthongus
1109 2627 1155 2670 in
1184 2627 1300 2671 exitu
1329 2629 1527 2672 vocabuli
1557 2643 1648 2673 cor-

146 2697 226 2754 ripi
255 2710 339 2740 non
368 2701 507 2752 potest
535 2696 617 2739 nisi
647 2696 788 2740 brevis
808 2696 986 2751 ‘syllaba
1014 2700 1088 2739 aut
1116 2696 1330 2740 antecedit
1347 2701 1422 2740 aut
1441 2698 1644 2752 sequitur.
