1751 3147
143 146 194 185 14
380 135 385 140 '
716 140 772 174 ‘—
834 128 945 198 [2'16]
1009 167 1066 173 —

138 281 286 323 parum
315 269 534 324 probasse,
570 268 680 311 duae
709 268 979 322 quaestiones
1009 269 1264 322 oboriuntur,
1301 281 1477 322 quarum
1507 269 1641 312 altera

140 335 252 379 haec¹
275 340 354 391 est,
388 350 489 379 num
520 336 622 392 quid
655 339 734 380 100
763 337 851 379 illis
881 337 1005 391 locis,
1047 337 1200 392 quibus
1229 337 1385 380 exitum
1415 336 1643 392 imperfec-

138 408 226 446 tum
258 404 455 459 legimus,
490 417 709 447 commune
739 405 806 458 sit,
846 417 929 459 quo
959 405 1206 461 explicetur,
1241 418 1315 448 cur
1343 418 1370 447 a
1397 417 1544 446 norma
1572 418 1643 447 ce-

139 472 304 526 teroqui
334 472 484 516 sedulo
513 474 737 526 observata
765 473 1002 526 recesserit,
1036 473 1172 516 altera
1200 474 1277 516 illa
1304 477 1381 525 est,
1421 486 1520 515 num
1551 486 1641 515 om-

139 552 217 581 nes
255 540 321 582 illi
360 541 441 583 loci
481 541 575 584 sani
614 541 699 584 sint
737 541 896 584 traditi.
958 540 1079 591 Quae
1116 555 1185 584 res
1216 555 1310 584 cum
1340 540 1534 595 diligenti
1564 541 1641 583 ob-

140 608 379 651 servatione
409 608 623 663 indigeat,
668 622 844 652 necesse
885 613 950 651 est
988 614 1034 652 ut
1072 608 1327 651 subiciamus
1356 608 1545 651 tabulam
1575 609 1640 650 lo-

138 689 306 731 corum,
350 676 394 719 in
433 691 518 732 qua
555 690 705 720 versus
745 681 788 720 et
826 676 1060 720 secundum
1098 690 1195 720 eum
1229 690 1469 730 numerum,
1514 689 1639 730 quem

138 745 299 788 habent
326 746 370 787 in
400 750 485 788 toto
515 746 719 800 carmine,
764 750 806 788 et
833 745 1066 789 secundum
1097 759 1214 799 eum,
1254 758 1378 799 quem
1408 745 1568 788 habent
1596 745 1640 786 in

140 814 312 869 stropha
341 814 409 857 vel
441 814 590 870 epodo,
625 814 862 858 citabimus.

252 881 384 925 Uncis
422 887 573 941 autem
602 882 814 925 inclusum
854 877 1083 925 addemus
1101 896 1319 925 numerum
1348 894 1545 926 versuum
1576 886 1640 925 to-

140 948 224 992 tius
254 949 467 1003 carminis,
502 954 548 992 ut
575 954 792 1006 appareat,
829 954 990 1005 quanta
1020 949 1077 992 sit
1096 949 1333 1005 frequentia
1351 949 1540 992 exituum
1559 949 1640 991 im-

138 1016 419 1071 perfectorum
448 1017 493 1059 in
524 1018 705 1072 singulis
735 1017 1005 1060 carminibus.
1070 1017 1205 1059 Simul
1234 1017 1522 1059 adscribcmus
1553 1017 1639 1058 sin-

139 1084 252 1138 gulis
282 1084 401 1139 locis,
436 1085 577 1139 qualis
607 1085 663 1129 sit
690 1090 843 1130 natura
872 1084 1011 1128 exitus
1034 1085 1079 1128 in
1099 1085 1274 1140 reliquis
1296 1084 1401 1128 locis
1420 1084 1638 1140 parallelis

138 1152 300 1195 ratione
329 1153 479 1196 habita
507 1154 618 1196 initii
647 1167 795 1197 versus
820 1153 1048 1208 sequentis,
1083 1153 1144 1196 ita
1164 1158 1210 1196 ut
1229 1153 1520 1197 discernamus
1540 1166 1639 1208 sep-

137 1224 222 1262 tem
253 1221 414 1264 classes
443 1221 654 1265 exituum:

256 1292 293 1330 1.
327 1289 416 1332 exit
443 1302 592 1333 versus
620 1290 665 1332 in
694 1290 864 1345 longam
895 1290 1084 1332 clausam
1112 1294 1187 1333 aut

327 1358 416 1401 exit
452 1371 601 1401 versus
639 1358 683 1401 in
723 1359 893 1413 longam
927 1363 1119 1414 apertam
1151 1363 1194 1401 et
1220 1357 1369 1413 incipit
1398 1369 1580 1411 sequens
1611 1371 1637 1399 a

328 1430 606 1469 consonante:

325 1493 542 1536 Habemus
572 1494 731 1536 exitum
762 1495 978 1548 longum
1016 1494 1075 1547 (l.)

252 1562 292 1601 2.
326 1561 415 1604 exit
452 1574 601 1604 versus
639 1562 684 1603 in
723 1562 893 1615 longam
929 1565 1120 1616 apertam
1150 1565 1193 1603 et
1220 1561 1369 1616 incipit
1398 1573 1581 1614 sequens
1611 1575 1637 1602 a

328 1629 489 1672 vocali:

327 1697 544 1740 Habemus
573 1697 733 1740 exitum
763 1697 979 1751 longum
1011 1710 1121 1739 cum
1151 1696 1306 1739 hiatu
1342 1696 1417 1750 (h.)

251 1766 289 1805 3.
326 1764 413 1806 exit
450 1777 599 1807 versus
636 1765 680 1806 in
720 1765 891 1807 brevem
929 1765 1116 1806 clausam
1151 1768 1194 1806 et
1222 1763 1369 1819 incipit
1399 1776 1580 1817 sequens
1610 1777 1636 1804 a

323 1829 606 1875 consonante:

325 1899 544 1942 Habemus
574 1900 732 1942 exitum
762 1900 978 1942 brevem
1010 1913 1120 1942 cum
1150 1899 1430 1954 positione
1468 1900 1540 1953 (p.)

250 1970 289 2008 4.
324 1966 414 2010 exit
449 1980 599 2011 versus
634 1967 679 2011 in
720 1968 888 2010 brevem
926 1967 1117 2011 clausam
1153 1972 1196 2011 et
1223 1966 1370 2022 incipit
1399 1979 1580 2021 sequens
1610 1980 1636 2008 a

326 2035 486 2078 vocali:

323 2103 543 2147 Habemus
573 2102 733 2146 exitum
762 2103 981 2146 brevem
1018 2103 1112 2157 (br.)

249 2173 289 2211 5.
324 2171 413 2213 exit
449 2183 599 2214 versus
637 2170 681 2213 in
718 2170 889 2213 brevem
929 2175 1119 2225 apertam
1150 2174 1192 2213 et
1220 2169 1367 2224 incipit
1397 2183 1579 2225 sequens
1608 2184 1635 2212 a

324 2243 581 2282 consonante
612 2238 792 2294 duplici:

323 2306 540 2350 Habemus
560 2307 718 2349 exitum
739 2305 1106 2361 imperfectum
1130 2318 1235 2348 cum
1256 2306 1511 2360 positione
1529 2305 1628 2360 ¹(ip.)

249 2377 288 2416 6.
323 2375 411 2418 exit
449 2387 599 2419 versus
635 2375 680 2418 in
717 2375 888 2418 brevem
927 2379 1119 2430 apertam
1150 2378 1192 2417 et
1220 2373 1368 2429 incipit
1397 2386 1578 2428 sequens
1608 2387 1635 2416 a

325 2449 582 2487 consonante
612 2443 817 2499 simplici:

321 2511 540 2554 Habemus
570 2511 730 2555 exitum
759 2510 1148 2566 imperfectum
1185 2510 1244 2564 (i.)

248 2581 287 2620 7.
322 2579 410 2621 exit
446 2592 595 2621 versus
634 2580 678 2621 in
716 2579 886 2621 brevem
928 2582 1117 2633 apertam
1148 2582 1191 2620 et
1219 2577 1367 2632 incipit
1396 2590 1577 2631 sequens
1607 2591 1634 2618 a

325 2646 486 2690 vocali:

324 2715 540 2758 Habemus
570 2714 730 2757 exitum
758 2713 1143 2769 imperfectum
1173 2726 1283 2755 cum
1315 2713 1469 2755 hiatu
1505 2712 1593 2766 (ih.)
