1751 3147
123 106 176 148 38
698 132 755 138 —
819 107 930 162 [240]
993 130 1050 137 —-

123 230 269 275 timam
299 242 449 274 versus
480 231 716 287 syllabam,
759 245 870 286 quae
898 217 1033 275 thesis
1064 243 1232 288 semper
1261 235 1348 285 est,
1391 235 1632 274 constanter

124 298 298 354 paulum
337 298 588 355 productam
627 313 724 343 esse
763 299 865 343 inde
901 303 1104 356 apparet,
1148 299 1262 355 quod
1300 298 1438 343 exitus
1474 298 1631 354 imper-

126 365 241 418 fecti,
277 365 350 422 qui
378 366 697 423 productionem
726 381 811 411 non
829 367 1080 423 admittunt,
1114 366 1176 411 ibi
1204 367 1428 411 evitantur.

831 516 926 571 §6-

242 607 308 648 Ex
339 609 392 648 24
423 619 529 662 quos
558 607 833 650 tractavimus
862 605 969 649 locis
1008 619 1103 648 cum
1142 605 1402 649 confidenter
1441 619 1635 649 correxe-

129 673 261 716 rimus
292 675 371 728 22,
414 673 602 730 quinque
633 674 820 717 carmina
847 672 902 716 iis
931 672 1212 717 adnumerare
1241 673 1363 728 licet,
1406 686 1515 729 quae
1544 673 1637 716 exi-

128 746 218 784 tum
256 741 552 798 imperfectum
590 741 884 786 reformident:
911 735 958 783 'a
985 740 1022 785 0
1051 741 1112 784 IV
1147 742 1247 796 (30),
1293 742 1324 783 d
1349 740 1385 785 0
1415 741 1496 784 VII
1529 743 1631 796 (95),

131 823 157 849 a
187 807 227 850 P
255 808 316 851 VI
352 809 454 864 (54),
490 825 517 851 α
543 808 585 852 P
614 809 694 852 VII
731 810 830 864 (22),
865 809 898 850 d
922 807 948 851 I
978 808 1043 851 III
1072 809 1133 852 IV
1169 810 1270 863 (90).
1323 809 1479 853 Carent
1504 809 1637 864 igitur

131 876 300 919 omnino
333 879 383 944 12
417 877 606 921 carmina
635 877 751 920 exitu
779 876 1042 933 imperfecto.
1103 877 1228 920 Nunc
1257 879 1325 931 27,
1360 890 1470 931 quae
1499 891 1638 920 rema—

132 949 248 998 nent,
282 957 629 1001 percenseamus.
690 946 828 999 Atque
858 944 1039 1002 primum
1069 945 1241 1001 quidem
1270 959 1323 989 ea
1352 945 1539 989 carmina
1569 958 1639 988 se-

134 1026 365 1067 ponamus,
407 1014 452 1057 in
481 1013 637 1068 quibus
667 1013 806 1056 exitus
835 1012 1106 1068 imperfectos
1135 1014 1326 1057 consulto
1354 1013 1513 1069 positos
1543 1026 1638 1056 esse
1726 1053 1731 1057 ,

133 1080 233 1124 inde
265 1081 509 1133 concludas,
544 1080 657 1136 quod
686 1081 921 1137 complures
950 1080 995 1123 in
1024 1081 1218 1125 versibus
1246 1081 1466 1136 parallelis
1495 1094 1639 1124 occur-

135 1153 247 1191 runt.
310 1149 432 1200 Quae
462 1154 574 1202 sunt,
608 1161 781 1192 numero
812 1148 1000 1192 exituum
1030 1148 1370 1205 imperfectorum
1401 1149 1537 1192 diviso
1566 1162 1642 1205 per

134 1230 357 1260 numerum
388 1230 589 1260 versuum
619 1216 786 1260 addito:
824 1233 851 1258 a
873 1216 907 1261 0
928 1217 970 1259 Χ
998 1218 1098 1274 ᾗθσ,
1133 1218 1164 1258 d
1181 1216 1216 1261 0
1236 1217 1344 1260 XIII
1361 1220 1459 1274 riv,
1494 1233 1520 1259 a
1539 1216 1579 1259 P
1598 1217 1641 1259 H

137 1285 209 1340 ᾗ,
244 1285 276 1325 d
301 1283 341 1326 P
371 1285 555 1342 HITf-g,
590 1283 1169 1345 dPIYfg-ffstanq-h,
1203 1283 1439 1341 aPX737,
1475 1284 1641 1327 aNIII

138 1354 206 1408 ἧς,
242 1353 274 1393 d
300 1352 338 1395 N
367 1352 495 1410 νὴ,
530 1353 562 1394 d
587 1351 623 1394 N
652 1353 783 1409 Χῃῖσ,
816 1351 896 1394 dI
926 1352 963 1395 V
988 1352 1073 1407 (IV)
1098 1354 1169 1409 ἦ,
1204 1352 1277 1395 αΙ
1306 1352 1410 1395 VIII
1437 1351 1541 1406 (VII)
1566 1353 1637 1408 ἧς,

136 1433 312 1463 numero
346 1421 413 1462 12.
476 1421 711 1463 Remanent
743 1423 792 1461 15
824 1420 1014 1463 carmina
1052 1418 1087 1463 0
1117 1420 1152 1472 Ι,
1188 1418 1222 1463 0
1252 1420 1309 1473 Π,
1344 1418 1378 1463 0
1408 1420 1487 1473 ΙΠ,
1521 1419 1556 1464 0
1587 1420 1637 1473 V,

139 1486 1636 1543 0V1,01X,0X1V‚P1,PX11,N1V‚NV1‚NVII,

139 1555 176 1598 N
205 1556 323 1610 VIII,
357 1555 395 1599 N
423 1556 501 1609 IX,
536 1554 564 1597 1
593 1555 673 1597 VII
698 1555 803 1610 (VI),
837 1569 948 1610 quae
978 1556 1193 1599 continent
1216 1556 1354 1599 exitus
1374 1555 1643 1612 imperfectos

140 1626 209 1667 23.
272 1624 585 1668 Perlustremus
613 1623 743 1679 igitur
772 1623 964 1680 singulos
993 1624 1110 1667 locos
1136 1623 1212 1678 ita,
1247 1629 1294 1668 ut
1311 1624 1492 1681 primum
1512 1639 1644 1680 quae-

137 1704 306 1745 ramus,
350 1705 452 1735 num
490 1691 618 1734 lectio
655 1692 812 1734 tradita
841 1692 1078 1735 sententiae
1108 1691 1316 1746 sufficiat,
1361 1692 1515 1735 deinde
1544 1707 1643 1736 num

139 1760 238 1803 aliis
276 1759 384 1802 locis
422 1758 538 1802 idem
577 1759 830 1802 vocabulum
869 1760 938 1802 vel
974 1759 1165 1803 eiusdem
1194 1759 1365 1814 generis
1393 1761 1643 1804 vocabulum

139 1828 185 1871 in
223 1828 308 1872 fine
347 1839 499 1871 versus
537 1826 720 1884 positum
752 1827 806 1871 sit
834 1832 878 1871 et
904 1827 948 1870 in
977 1831 1130 1871 natura
1157 1827 1317 1871 vocalis
1347 1829 1539 1873 exeuntis
1571 1842 1646 1873 ex-

139 1896 302 1939 cusatio
332 1900 504 1951 praesto
533 1895 603 1938 sit.

261 1989 295 2042 1)
333 1985 368 2031 ο
398 1986 419 2029 1
450 1987 504 2029 62
563 1986 921 2035 Αυ-υυμε,

561 2057 722 2111 νέκταρ
755 2051 1008 2111 ἀμβροσίαν
1037 2070 1083 2098 τε

257 2136 359 2179 Post
387 2147 559 2179 versum
589 2134 656 2178 bis
685 2134 733 2178 fit
761 2135 927 2187 hiatus,
971 2135 1153 2189 ideoque
1183 2148 1277 2178 cum
1308 2135 1502 2189 sequenti
1530 2136 1649 2192 iungi

141 2217 225 2247 non
254 2206 414 2260 potest;
459 2215 609 2247 versus
649 2207 792 2247 autem
831 2203 1027 2259 paralleli
1065 2208 1157 2248 octo
1197 2208 1354 2248 exeunt
1385 2203 1430 2247 in
1459 2204 1644 2260 longam,

143 2272 257 2314 unde
288 2276 467 2327 apparet
495 2271 656 2314 exitum
685 2271 858 2314 brevem
886 2275 1054 2326 poetam
1084 2285 1168 2314 non
1198 2272 1476 2326 quaesivisse.

258 2341 307 2382 τέ
335 2338 403 2383 bis
432 2338 477 2382 in
507 2338 624 2382 exitu
654 2337 889 2383 masculino
918 2338 1101 2396 positum
1131 2343 1219 2384 est:
1254 2336 1289 2383 0
1314 2339 1357 2382 Χ
1377 2341 1431 2382 59
1460 2355 1651 2397 νικαφο-

143 2411 284 2465 ρίαισί
315 2424 376 2462 τε,
411 2407 485 2451 ubi
515 2407 656 2451 exitus
685 2404 884 2450 versuum
909 2408 1211 2463 parallelorum
1231 2413 1331 2451 sunt
1351 2410 1429 2463 2p,
1456 2409 1555 2461 2br,
1584 2410 1647 2462 1i,

142 2481 184 2520 et
212 2474 252 2518 P
286 2475 351 2518 III
382 2477 435 2518 94
468 2473 574 2519 ἕδνα
605 2490 673 2529 τε,
719 2474 792 2518 ubi
831 2474 969 2518 exitus
998 2487 1197 2519 versuum
1226 2475 1525 2533 parallelorum
1556 2484 1653 2521 sunt

145 2546 215 2599 61,
255 2544 331 2598 lh,
370 2544 549 2600 1p,·2i,
597 2544 634 2586 si
664 2543 836 2598 quidem
875 2541 1007 2597 θαμά
1054 2546 1107 2598 (v.
1142 2545 1208 2598 78)
1255 2544 1444 2587 ultimam
1482 2545 1651 2588 brevem

144 2612 274 2656 habet
303 2624 441 2667 neque
472 2610 632 2655 codicis
661 2611 699 2654 R
727 2613 860 2666 θαμᾶ
890 2615 956 2655 est
984 2610 1288 2668 recipiendum.
1340 2609 1375 2656 0
1404 2612 1446 2655 Χ
1476 2614 1530 2655 59
1561 2614 1653 2657 exi-

147 2687 216 2725 tus
246 2680 522 2736 imperfectus
552 2694 636 2722 non
667 2680 865 2732 offendit,
911 2693 1005 2722 cum
1045 2680 1145 2735 quia
1174 2693 1322 2723 versus
1351 2682 1545 2736 paralleli
1574 2682 1653 2724 ha-
