1751 3147
692 153 750 161 -
812 131 924 185 [223]
986 155 1043 161 -—
1563 132 1610 171 2¹

229 260 270 313 3)
305 257 340 303 0
369 257 435 300 ῙΧ
464 258 532 297 44.
595 251 1252 286 έῦ-υυ-υ-Ῐ--υυ-ὶ]

302 324 465 381 Πύρρα
494 323 756 366 Δευκαλίων
783 338 830 365 τε
860 322 1107 379 Παρνάσου
1136 321 1385 376 καταβάντε

387 405 435 434 60,
454 412 694 433 υυυυυ

387 468 528 524 δόμον
556 468 716 513 ἔθεντο
747 474 927 526 πρῶτον
958 502 967 511 .
996 503 1004 510 .
1034 504 1041 511 .

229 549 433 602 Quamvis
471 562 617 593 omnes
657 549 840 593 editores
877 554 920 593 et
948 549 1083 592 maior
1111 561 1209 605 pars
1239 549 1442 592 librorum
1471 554 1614 605 patro·

109 620 306 662 cinentur
344 617 463 660 duali
501 615 772 671 καταβάντε,
814 621 958 660 tamen
997 630 1092 660 cum
1130 616 1286 672 optimo
1325 616 1471 660 codice
1500 617 1538 659 A
1573 623 1615 660 et

116 699 211 729 cum
251 684 425 727 scholiis
454 684 723 739 reponendus
754 689 820 729 est
846 684 1025 740 pluralis
1054 682 1343 737 καταβάντες.
1405 684 1614 727 Pindarus

114 753 227 796 enim
265 751 581 808 participiorum
620 751 766 795 formis
795 751 1031 808 pluralibus
1060 751 1121 795 ibi
1150 764 1315 806 quoque
1344 751 1497 806 utitur,
1540 752 1614 795 ubi

110 820 289 864 verbum
327 819 503 862 formam
537 819 709 863 dualem
737 820 888 873 habet,
936 833 974 862 e.
1007 833 1052 875 g.
1086 818 1121 863 0
1151 820 1194 862 Π
1223 820 1278 862 86
1307 818 1536 874 μαθόντες
1566 819 1613 862 δὲ

112 887 275 944 λάβροι
303 888 616 944 παγγλωσσίᾳ,
650 885 838 945 κόρακες
867 883 944 941 ὥς,
979 884 1177 944 ἄκραντα
1207 886 1436 944 γαρύετον.
1500 887 1610 931 Gra-

113 957 209 1000 vius
249 960 315 1000 est
347 956 461 1012 quod
493 956 574 1000 hoc
603 957 694 1001 loco
723 957 864 1012 ipsum
891 970 1058 1012 quoque
1087 958 1261 1000 verbum
1291 957 1498 1013 pluralem
1529 956 1613 1000 for-

109 1038 226 1067 mam
259 1025 402 1068 habet.
465 1024 662 1068 Ceterum
690 1024 883 1078 Homeri,
929 1025 1001 1079 qui
1039 1024 1191 1067 eadem
1229 1024 1424 1067 libertate
1463 1024 1606 1077 utitur,

109 1097 254 1137 nostro
284 1093 488 1136 simillimi
517 1097 616 1136 sunt
643 1092 747 1136 loci:
783 1095 834 1134 H
860 1093 942 1135 218
974 1097 1017 1136 et
1046 1096 1104 1135 M
1131 1094 1213 1135 265

475 1193 521 1201 ..
548 1193 557 1201 .
593 1156 666 1203 δύ’
699 1156 828 1217 ἀνέρε
857 1158 1233 1217 θωρήσσοντο

226 1227 490 1284 Πάτροκλός
519 1244 565 1271 τε
595 1229 670 1270 καὶ
699 1224 977 1282 Αὐτομέδων
1006 1227 1085 1270 ἕνα
1113 1227 1264 1282 θυμὸν
1293 1227 1543 1281 ἔχοντες·

106 1301 155 1340 et
282 1293 542 1353 Ἀμφοτέρω
573 1291 616 1338 δ’
649 1295 821 1339 Αἴαντε
851 1291 1159 1339 κελευτιόωντ’
1194 1293 1271 1338 ἐπὶ
1300 1294 1485 1352 πύργων

225 1363 422 1407 πάντοσε
453 1362 732 1421 φοιτήτην
759 1367 893 1418 μένος
923 1360 1259 1420 ὀτρύνοντες
1287 1360 1489 1417 Ἀχαιῶν.

225 1446 266 1500 4)
299 1444 338 1487 P
367 1444 506 1486 1161.
569 1442 714 1499 χαύνα
743 1443 942 1500 πραπίδι
970 1444 1243 1498 παλαιμονεῖ
1276 1440 1406 1486 κενεά
1443 1456 1519 1499 pro
1559 1443 1612 1486 li-

106 1514 278 1555 brorum
319 1512 501 1555 lectione
530 1516 660 1567 κενεᾷ
689 1511 868 1554 coniecit
894 1512 1118 1565 Pauwius,
1163 1512 1233 1554 cui
1271 1511 1614 1566 obtemperarunt

113 1582 378 1624 Hermannus
408 1579 561 1623 collato
591 1578 626 1623 0
656 1579 698 1622 X
728 1580 781 1621 93
811 1577 940 1622 κενεὰ
969 1576 1168 1629 πνεύσας
1205 1578 1330 1633 (quod
1359 1578 1518 1622 dictum
1547 1584 1614 1622 est

103 1648 163 1692 de
188 1661 253 1702 eo,
286 1648 360 1703 qui
379 1647 537 1690 frustra
557 1646 798 1702 laboravit),
832 1646 1087 1699 Boeckhius,
1120 1645 1346 1701 Bergkius,
1382 1645 1604 1698 christine,

107 1730 362 1772 quamquam
392 1714 647 1759 scholiastae
677 1727 842 1770 quoque
871 1719 1002 1771 κενεᾷ
1029 1718 1277 1770 agnoscunt.
1341 1715 1432 1758 Nec
1460 1715 1610 1770 negari

102 1789 248 1841 potest
283 1784 507 1828 lectionem
544 1782 742 1827 traditam
781 1781 926 1839 χαύνα
955 1782 1153 1839 πραπίδι
1180 1782 1453 1836 παλαιμονεῖ
1481 1787 1611 1840 κενεᾷ

109 1854 267 1896 habere
287 1866 369 1908 quo
389 1851 599 1895 offendat:
633 1864 733 1894 nam
751 1851 850 1894 novi
869 1850 977 1893 nihil
996 1851 1178 1904 additur,
1212 1851 1249 1893 si
1269 1851 1445 1906 πραπὶς
1463 1849 1607 1904 χαύνα

105 1921 283 1977 insuper
311 1918 440 1963 κενεά
469 1919 732 1976 appellatur;
773 1918 852 1962 sed
880 1918 1081 1962 mendum
1110 1932 1194 1961 non
1222 1919 1356 1962 latere
1384 1918 1431 1961 in
1461 1922 1603 1974 κενεᾷ,

107 2002 253 2032 verum
282 1988 328 2031 in
356 1986 500 2044 χαύνα
538 1986 771 2031 rectissime
808 1986 1027 2042 perspexit
1054 1987 1362 2040 Mommsenus,
1407 1986 1480 2040 qui
1520 1987 1608 2030 col-

100 2057 194 2101 lato
225 2057 262 2099 N
291 2057 394 2100 VlII
425 2059 478 2098 45
509 2058 666 2099 κενεᾶν
695 2050 737 2097 δ’
773 2053 969 2097 ἐλπίδων
997 2058 1164 2108 χαῦνον
1194 2055 1319 2105 τέλος
1349 2054 1539 2110 scripsit:

434 2128 578 2177 χαῦνα
608 2121 806 2178 πραπίδι
834 2122 1105 2175 παλαιμονεῖ
1134 2127 1277 2177 κενεᾷ.

221 2205 260 2258 5)
295 2203 333 2246 P
361 2203 420 2246 VI
454 2205 520 2246 13.
585 2235 594 2245 .
625 2235 634 2244 .
664 2236 672 2244 .
706 2201 972 2233 —v-w!

337 2303 345 2311 .
376 2303 384 2312 .
418 2269 649 2327 παμφόρῳ
679 2268 847 2325 χεράδι.

218 2350 296 2393 Est
328 2350 580 2393 vocabulum
618 2348 881 2392 rarissimum
921 2352 1047 2402 atque
1077 2347 1193 2403 apud
1221 2347 1450 2391 Homerum
1483 2343 1607 2400 ἅπαξ

100 2416 338 2474 εἰρημένον
369 2421 410 2459 Φ
441 2419 537 2473 318,
572 2417 645 2461 ubi
674 2415 933 2460 Scamander
962 2414 1016 2458 de
1046 2414 1214 2458 Achille
1243 2415 1374 2458 verba
1403 2415 1527 2459 facit:

652 2517 661 2526 .
689 2517 698 2526 .
727 2517 736 2526 .
765 2517 773 2526 .
808 2482 891 2527 κὰδ
920 2483 969 2526 δέ
997 2499 1075 2538 μιν
1105 2479 1242 2527 αὐτόν

308 2552 467 2597 εἰλύσω
499 2552 801 2609 ψαμάθοισιν,
838 2548 935 2602 ἅλις
963 2551 1150 2609 χέραδος
1181 2549 1420 2608 περιχεύας

308 2624 482 2677 μυρίον.

96 2697 181 2741 sed
208 2698 294 2741 iam
324 2700 487 2755 antiqui
516 2700 781 2756 grammatici
810 2700 1095 2755 ambigebant,
1115 2704 1270 2745 ,utrum
1296 2698 1606 2755 παροξύτονον
