1751 3147
123 132 149 171 6
699 152 756 158 -
819 128 930 181 [208]
992 151 1048 157 —

122 255 232 297 bene
272 257 439 296 utentes
478 257 520 296 et
557 236 788 307 prudentes
827 265 1093 295 numerorum
1128 251 1385 294 Graecorum
1423 249 1626 292 aestima-

123 326 237 365 tores
277 320 468 377 plerique
507 320 587 363 hoc
625 333 780 363 nomen
818 319 1095 378 adoptarunt,
1139 332 1233 363 cum
1271 317 1518 375 praesertim
1547 318 1626 361 hoc

124 388 391 445 stropharum
431 399 567 443 genus
605 387 790 431 maxime
828 388 873 430 in
907 388 1027 444 poesi
1057 387 1225 431 chorica
1254 385 1520 430 Doriensium
1551 400 1626 429 ex-

124 458 283 502 cultum
314 469 410 501 esse
439 455 668 500 videretur.
730 456 819 500 Nos
850 456 975 500 simul
1003 455 1225 501 brevitatis
1254 468 1384 500 causa
1412 454 1520 499 illud
1549 468 1627 498 no—
1691 446 1700 455 ’

124 540 222 569 men
262 525 591 581 praeferendum
631 537 727 568 esse
768 524 966 567 duximus
1001 524 1240 568 nominibus
1275 529 1469 568 naturam
1504 524 1627 567 metri

123 594 276 637 melius
315 593 678 649 significantibus,
721 606 831 648 quae
860 592 1153 649 Westphalius
1182 592 1250 636 his
1280 593 1461 649 strophis
1491 592 1620 646 dedit,

125 675 220 705 cum
240 662 286 704 in
305 662 447 717 priore
467 662 570 705 artis
590 661 789 704 metricae
805 660 996 704 Graecae
1017 661 1204 704 editione
1225 662 1419 717 strophas
1436 661 1628 717 dactylo-

124 730 371 785 epitriticas,
404 729 450 772 in
479 730 616 773 altera
643 729 964 785 hesychasticas
993 729 1326 785 episyntheticas
1349 733 1622 784 nuncuparet.

123 799 231 841 Item
270 802 318 841 ut
354 797 551 841 brevitati
581 797 902 850 inserviremuS‚
948 809 1023 840 eas
1053 798 1249 853 strophas
1279 797 1475 851 Pindari,
1518 811 1628 852 quae

124 866 295 909 doricae
324 880 409 909 non
439 869 549 919 sunt,
584 865 778 920 quamvis
797 864 908 908 inter
927 877 973 907 se
993 864 1322 920 diversissimas,
1356 878 1439 908 uno
1459 864 1627 908 nomine

124 934 461 977 aeolicarum
498 931 902 989 comprehendimus.
967 932 1142 976 Summa
1170 937 1312 977 autem
1341 933 1467 975 huius
1496 946 1628 988 quae-

124 1002 272 1044 stionis
302 1001 409 1045 haec
439 1005 528 1045 est:
563 1001 744 1057 Stropha
765 1000 908 1043 dorica
927 1001 1189 1056 componitur
1209 1015 1263 1045 ex
1282 1001 1386 1044 colis
1407 1000 1629 1056 dactylicis

124 1075 167 1114 et
185 1070 411 1115 trochaicis
439 1070 542 1125 (sive
563 1069 815 1125 epitriticis)‚
841 1082 949 1125 quae
971 1074 1210 1114 constanter
1228 1070 1479 1127 incipiunt'a
1499 1069 1623 1123 thesi,

124 1139 155 1180 i.
180 1152 218 1181 e.
253 1152 280 1180 a
310 1130 431 1192 g'ravi
460 1138 584 1194 pedis
614 1142 748 1194 parte,
783 1141 826 1180 et
855 1141 1013 1180 exeunt
1040 1138 1086 1180 in
1115 1138 1245 1192 arsin,
1280 1139 1308 1180 i.
1344 1152 1383 1181 e.
1415 1138 1460 1180 in
1489 1138 1627 1180 levem

124 1206 247 1262 pedis
275 1210 461 1262 partem,
497 1219 607 1260 quae
637 1205 745 1249 arsis
776 1209 850 1248 aut
879 1205 1050 1261 syllaba
1079 1218 1283 1261 expressa
1312 1209 1399 1261 est,
1437 1205 1555 1249 velut
1583 1204 1628 1248 in

124 1275 204 1317 hoc
235 1275 346 1317 colo:

693 1341 723 1371 -'
743 1351 811 1371 υυ
833 1365 860 1369 -
882 1344 950 1371 νυ
971 1365 999 1370 -
1022 1365 1051 1370 -

125 1413 200 1453 aut
230 1423 325 1453 cum
355 1408 465 1453 thesi
494 1409 763 1466 praecedenti
793 1409 837 1452 in
863 1423 988 1452 unam
1011 1409 1221 1465 syllabam
1241 1409 1369 1453 totius
1389 1409 1510 1466 pedis
1531 1423 1631 1465 spa-

123 1479 228 1522 tium
259 1479 500 1535 explentem
530 1478 753 1524 coniuncta
782 1482 861 1532 est,
896 1478 1014 1521 velut
1040 1478 1085 1520 in
1115 1477 1194 1521 hoc
1223 1478 1331 1521 colo:

725 1547 755 1577 „¹
775 1557 843 1577 υυ
864 1571 892 1576 .-
914 1556 980 1578 vx)
1004 1558 1039 1582 ι,

124 1619 199 1659 aut
227 1627 367 1672 pausa
397 1615 604 1672 expletur,
640 1614 758 1658 velut
786 1614 831 1657 in
860 1615 940 1657 hoc
969 1614 1079 1657 colo:

708 1683 738 1713 -’
758 1693 825 1714 νυ
845 1707 874 1712 -
894 1694 962 1714 W
983 1708 1012 1713 .-
1036 1690 1052 1710 Α

123 1752 265 1795 Pausa
304 1754 447 1795 autem
487 1763 572 1793 non
610 1750 658 1794 fit
692 1750 775 1793 nisi
814 1763 908 1793 cum
949 1750 1046 1793 finis
1084 1750 1192 1793 coli
1230 1750 1393 1793 incidat
1430 1751 1475 1793 in
1504 1751 1628 1794 finem

123 1832 342 1874 versus,
376 1819 405 1861 i.
430 1833 468 1862 e.
495 1833 590 1861 cum
620 1824 716 1873 post
745 1819 824 1861 hoc
854 1819 991 1861 colum
1020 1819 1064 1861 in
1091 1819 1286 1863 omnibus
1307 1819 1504 1863 carminis
1525 1825 1631 1862 stro-

124 1887 220 1944 phis
260 1887 436 1931 verbum
467 1886 639 1933 finiatur
669 1890 711 1929 et
738 1886 783 1929 in
814 1900 899 1930 una
927 1887 997 1931 vel
1028 1886 1219 1943 pluribus
1250 1887 1434 1943 strophis
1465 1888 1632 1943 syllaba

124 1968 282 2011 anceps
313 1956 382 1998 vel
412 1955 555 1998 hiatus
584 1954 772 1997 accedat.
836 1955 979 1998 Potest
1006 1959 1148 1998 autem
1178 1968 1370 2011 versus
1401 1955 1532 1998 finis
1562 1956 1651 1998 in--

123 2023 265 2068 cidere
295 2037 379 2067 non
409 2023 546 2067 solum
577 2027 672 2078 post
700 2022 894 2066 ultimum
923 2023 1076 2079 pedem
1107 2023 1202 2077 coli,
1237 2022 1351 2077 quod
1380 2023 1426 2067 fit
1444 2024 1631 2080 plerum-

124 2104 220 2147 que,
263 2091 339 2133 sed
369 2091 499 2134 etiam
529 2090 582 2132 in
613 2090 787 2133 medio
817 2092 935 2134 colo
965 2096 1062 2147 post
1089 2091 1230 2134 thesin
1258 2091 1326 2133 vel
1356 2091 1532 2147 primam
1563 2093 1631 2135 vel

124 2160 303 2203 alteram
334 2159 404 2203 vel
433 2158 615 2207 tertiam.
673 2157 792 2209 Quae
821 2173 889 2203 res
920 2173 970 2203 eo
1000 2159 1280 2213 confirmatur,
1316 2159 1443 2214 quod,
1479 2159 1515 2203 si
1535 2174 1631 2204 ver-

123 2240 196 2270 sus
225 2228 375 2284 incipit
403 2241 430 2270 a
460 2227 626 2270 duabus
657 2227 835 2282 syllabis
865 2228 1089 2281 brevibus,
1134 2227 1230 2270 finis
1269 2240 1418 2271 versus
1453 2241 1631 2284 praecc-

123 2296 261 2340 dentis
292 2300 535 2339 constanter
563 2295 624 2339 ita
649 2300 917 2350 comparatus
937 2300 1016 2350 est,
1052 2300 1098 2339 ut
1125 2295 1290 2339 initium
1320 2296 1402 2340 coli
1431 2296 1630 2352 dactylici

122 2376 218 2407 esse
248 2364 396 2420 possit.
460 2363 668 2419 Exemplo
699 2367 840 2406 autem
869 2363 948 2406 hoc
987 2364 1078 2407 loco
1119 2377 1203 2406 uno
1244 2363 1475 2419 defungar,
1519 2365 1630 2420 quod

122 2431 331 2474 Christius
368 2445 539 2486 quoque
579 2431 773 2474 similiter
812 2432 1043 2487 explicavit
1079 2432 1125 2474 in
1164 2431 1284 2486 libri,
1329 2446 1454 2486 quem
1494 2433 1546 2476 de
1585 2447 1629 2476 re

122 2498 298 2542 metrica
328 2498 590 2555 conscripsit,
626 2498 694 2541 ed.
719 2499 762 2540 II
788 2512 830 2554 p.
861 2501 939 2540 107
957 2512 1021 2554 sq.
1075 2500 1292 2542 Habemus
1322 2500 1434 2542 enim
1462 2500 1506 2543 in
1537 2514 1630 2544 car-

122 2567 235 2610 mine
264 2566 303 2609 P
332 2568 396 2610 IX
427 2567 658 2611 secundum
690 2571 733 2609 et
760 2567 930 2610 tertium
960 2580 1108 2611 versus
1139 2567 1334 2623 strophae
1364 2568 1463 2611 hos:

601 2647 877 2666 -----
908 2636 1128 2668 υ--Ξ

643 2716 754 2736 μίν,-
786 2714 819 2733 k)
850 2715 1127 2736 ..uu—xa‘u—
1160 2730 1187 2736 .-
