1751 3147
698 169 754 174 —
816 145 927 199 [249]
990 170 1044 174 —
1559 146 1610 185 47

228 267 290 324 19)
327 270 363 313 N
392 270 450 313 VI
480 272 533 312 25
593 270 1087 302 -va—w—w!

339 335 620 394 Ἀγησιμάχῳ
649 326 785 380 υῗέων
813 340 978 393 γένετο.
1044 342 1118 393 lp,
1159 338 1252 390 lbr,
1297 337 1369 379 lh.

223 416 305 460 Ubi
335 419 486 473 γένετο
525 428 600 471 pro
636 415 837 459 librorum
870 415 1041 473 ἐγένετο
1076 415 1200 459 metri
1230 428 1360 459 causa
1387 415 1613 471 temptavit

109 484 348 537 Triclinius,
385 483 562 526 offendit
589 488 732 526 autem
762 484 903 527 exitus
932 483 1204 540 imperfectus
1233 496 1297 538 eo,
1332 482 1445 538 quod
1468 483 1513 525 in
1532 483 1611 525 hoc

110 552 296 596 carmine
326 551 476 595 unicus
507 555 586 594 est.
634 551 722 595 Sed
749 551 976 607 vestigium
1005 565 1131 595 verae
1161 551 1353 595 lectionis
1382 550 1526 595 nescio
1555 564 1611 594 an

111 620 344 663 servaverit
374 619 627 671 scholiasta,
672 620 745 674 qui
773 621 881 664 haec
908 620 1147 663 adnotavit:
1193 616 1216 662 ὃ
1247 618 1330 676 γὰρ
1362 619 1611 677 Σωκλείδης

109 686 411 744 πρεσβύτερος
446 687 528 742 μὲν
567 692 654 730 τῶν
682 687 791 730 υἱῶν
820 691 1055 743 γέγονεν
1084 683 1397 745 Ἀγησιμάχου.
1459 688 1609 742 Itaque

109 755 414 799 restituendum
443 768 539 799 esse
568 755 749 799 arbitror

518 819 798 879 Ἁγησιμάχῳ
828 822 961 865 υἱέων
990 826 1184 878 γέγονεν.

224 916 290 968 20)
327 913 363 955 N
392 914 472 957 VII
503 918 526 956 5
586 914 1195 948 υᾼκιυι--ὐ-υῶυὲ

168 978 453 1036 ἀναπνέομεν
473 977 519 1037 δ’,
543 978 624 1035 οὐχ
645 977 842 1032 ἅπαντες
864 980 940 1024 ἐπὶ
967 981 1124 1036 (Ηῖσα.
1172 983 1229 1036 41,
1256 982 1323 1036 2h,
1353 982 1443 1036 3br,
1472 982 1554 1025 1ih.

169 1049 305 1106 εἴργει
334 1049 382 1092 δὲ
412 1048 572 1105 πότμῳ
604 1045 791 1105 ζυγένθ’
825 1048 977 1106 ἕτερον
1006 1048 1134 1106 ἕτερα
1169 1083 1178 1092 .
1206 1083 1216 1092 .
1244 1083 1253 1092 .

223 1129 373 1183 Neque
402 1141 551 1171 versus
579 1128 776 1183 paralleli
806 1128 966 1171 exitum
992 1127 1284 1184 imperfectum
1315 1135 1533 1181 excusant,
1568 1135 1610 1172 et

112 1196 378 1253 accusativus
407 1195 480 1238 vix
507 1195 551 1239 id
583 1195 817 1251 exprimere
846 1200 1004 1252 potest,
1048 1195 1161 1250 quod
1190 1196 1400 1239 sententia
1428 1196 1604 1251 flagitat⁷

109 1277 236 1318 quam
269 1263 498 1306 scholiasta
527 1263 588 1306 sic
616 1263 725 1306 bene
753 1263 1074 1319 interpretatur:
1110 1262 1252 1317 ζῶμεν
1276 1259 1320 1305 δ’
1346 1260 1426 1317 οὐχ
1447 1260 1611 1318 ὁμοίιος

111 1327 352 1384 ἅπαντες,,
376 1327 477 1373 ἀλλ’
512 1330 554 1374 οἱ
593 1330 676 1385 μὲν
714 1332 1008 1384 πλουτοῦσιν,
1054 1330 1097 1374 οἱ
1127 1328 1173 1373 δ’
1201 1327 1283 1383 ὀὓς
1326 1332 1440 1386 quod
1468 1337 1608 1375 autem

109 1399 206 1442 libri
235 1399 394 1442 habent
425 1398 502 1441 ἐπὶ
530 1398 606 1441 ἰ’σα
644 1399 784 1455 potius
814 1399 1176 1455 interpretandum
1214 1404 1327 1442 esset
1364 1412 1475 1442 »non
1503 1400 1610 1442 vivi-

110 1479 205 1509 mus
234 1479 378 1510 omnes
408 1466 559 1509 eadem
588 1471 883 1522 appetentes«.
945 1467 1223 1522 Scribendum
1262 1467 1392 1521 igitur
1431 1472 1496 1510 est
1535 1466 1609 1509 ἐπὶ

110 1533 226 1584 ἴσοις
247 1547 340 1577 cum
365 1533 529 1589 Bothio‚
563 1534 675 1589 quod
695 1533 905 1589 significat
932 1547 1044 1577 »non
1063 1546 1208 1577 omnes
1230 1534 1309 1577 sub
1330 1534 1489 1578 eisdem
1512 1548 1609 1578 con—

110 1602 346 1644 dicionibus
375 1602 602 1644 vivimus«.

224 1695 292 1746 21)
328 1691 363 1734 N
393 1692 474 1735 VII
505 1694 557 1734 52
615 1691 1265 1726 Λψυ--υμ-ὐ-υ-υὲ

732 1794 740 1802 .
771 1793 780 1802 .
814 1757 949 1816 κόρον
979 1755 1022 1802 δ’
1057 1758 1147 1813 ἔχει

334 1829 409 1870 καὶ
437 1829 539 1882 μέλι
568 1828 644 1871 καὶ
672 1825 728 1870 τὰ
757 1824 914 1885 τέρπν’
950 1823 1084 1870 ἄνθε’
1116 1823 1396 1884 Ἀφροδίσια.

978 1897 1041 1949 71,
1082 1896 1159 1950 111,
1197 1899 1273 1952 1p,
1314 1897 1373 1939 1i.

223 1962 462 2007 Scholiasta
491 1967 605 2006 recte
634 1963 934 2019 interpretatur
963 1961 1099 2019 κόρον
1128 1961 1211 2020 γὰρ
1233 1963 1324 2017 ἔχει
1345 1965 1418 2005 καὶ
1439 1961 1487 2006 τὸ
1508 1965 1607 2017 μέλι

110 2033 185 2075 καὶ
214 2029 268 2074 τὰ
294 2028 583 2088 Ἀφροδίσια;
618 2031 830 2085 significat
859 2036 1002 2074 autem
1032 2030 1087 2073 τὰ
1117 2028 1382 2088 Ἀφροδίσια
1412 2032 1609 2075 substan-

105 2101 238 2143 tivum
281 2099 540 2155 voluptatem
583 2098 752 2142 veneris
798 2092 887 2157 (οἱ,
909 2098 1107 2155 Xenoph.
1151 2100 1323 2142 Memor.
1357 2099 1392 2141 Ι.
1426 2100 1475 2140 2:
1511 2102 1608 2140 Σω-

110 2166 272 2225 κράτης
297 2201 306 2210 .
334 2201 343 2210 .
373 2200 382 2209 .
409 2200 435 2219 .,
472 2165 521 2217 ὃς
544 2200 553 2209 .
583 2200 592 2209 .
621 2200 630 2209 .
660 2200 669 2209 .
695 2162 975 2223 ἀφροδισίων
1003 2167 1078 2210 καὶ
1107 2165 1297 2223 γαστρὸς
1326 2165 1511 2210 πάντων
1530 2163 1609 2210 ἆν-

108 2233 311 2294 θρώπων
342 2234 687 2291 ἐγκρατέστατος
711 2227 796 2292 ἦν),
831 2248 941 2290 quac
970 2235 1052 2278 hoc
1080 2235 1171 2278 loco
1201 2234 1474 2289 desideratur,
1509 2249 1607 2278 nam

109 2304 163 2347 τὰ
201 2302 370 2360 τερπνὰ
410 2300 555 2346 ἄνθεα
594 2299 860 2359 Ἀφροδίσια
898 2303 1006 2346 nihil
1045 2317 1142 2347 esse
1175 2308 1351 2359 possunt
1387 2303 1470 2346 nisi
1509 2317 1609 2347 sua-

108 2386 184 2417 ves
221 2371 346 2415 flores
384 2371 562 2415 Veneris
600 2371 722 2415 deae.
794 2371 926 2415 Multo
971 2376 1112 2415 autem
1156 2371 1308 2414 melius
1352 2384 1419 2414 res
1465 2372 1609 2428 expri-

110 2442 249 2493 mitur,
287 2440 325 2483 si
353 2440 510 2495 legitur
539 2437 593 2481 τὰ
619 2436 775 2495 τέρπν’
801 2435 932 2482 ἄνθε’
959 2436 1236 2496 ἀφροδισίων
1273 2441 1381 2493 (nam
1410 2439 1457 2481 in
1486 2440 1609 2482 scho-

109 2509 166 2552 lio
197 2521 362 2563 quoque
391 2521 468 2564 per
496 2507 777 2551 minusculam
808 2507 936 2550 scribi
966 2507 1132 2562 debet);
1168 2507 1282 2562 quod
1311 2506 1348 2550 si
1367 2506 1427 2562 fit,
1462 2521 1607 2551 revera

109 2578 215 2619 haec
244 2576 376 2618 verba
404 2575 512 2618 nihil
542 2575 782 2631 exprimunt
809 2575 892 2617 nisi
927 2592 943 2611 >³
953 2588 1159 2617 summam
1189 2576 1450 2631 voluptatem
1479 2589 1609 2619 vene—

110 2659 266 2698 ream«,
301 2644 361 2686 ita
391 2644 503 2686 enim
535 2643 784 2699 saepissime
806 2643 1015 2686 Pindarus
1037 2643 1314 2686 substantivis
1337 2640 1493 2695 ὂίωτος,
1531 2641 1609 2687 ἄν-

109 2717 209 2766 θος,
246 2708 395 2767 ἄκρον,
433 2707 547 2768 ἀκμή
579 2711 708 2754 utitur
738 2725 831 2755 cum
852 2711 1047 2766 genetivo
1070 2711 1302 2755 coniunctis
1323 2712 1379 2754 ad
1400 2718 1607 2756 summum
