1751 3147
707 181 764 187 —
826 159 937 213 [237]
1009 181 1062 187 -
1587 158 1639 198 35

542 297 613 326 επ.
641 280 680 324 α’
704 285 729 326 6
761 282 794 313 Ξ
813 282 844 314 .'-
864 294 932 315 υυ
954 308 981 313 .-
1002 283 1034 314 Ξ

762 347 862 393 ἀλλ’
898 347 926 393 ἁ
956 352 1131 393 παλαία
1162 349 1244 406 γάρ

132 435 206 477 pro
236 420 429 466 codicum
460 419 645 463 lectione
762 414 875 461 ἀλλὰ
905 420 1080 462 παλαία
1110 417 1193 475 γάρ

133 495 176 533 et
205 505 278 532 επ.
302 487 339 544 γ’
364 491 390 531 6
759 495 932 530 τεαῖσιν
962 484 1169 542 ἁμίλλαις

133 571 208 613 pro
239 556 430 600 codicum
460 554 640 598 lectione
755 562 925 599 τεαῖσιν
956 551 1213 610 ἁμίλλαισιν

141 620 266 679 (quod
294 628 341 666 ut
369 623 544 677 reliquis
575 623 767 666 versibus
796 624 1030 679 parallelis,
1065 624 1214 678 quales
1244 622 1388 665 traditi
1417 626 1528 674 sunt,
1568 634 1636 663 re-

137 702 359 759 spondeat,
393 715 470 758 per
498 702 714 758 synizesin
732 702 777 746 in
796 703 929 759 primo
949 703 1154 746 vocabulo
1175 690 1345 745 τὲἆῖσιν
1362 700 1637 758 pronuntian-

134 770 235 814 dum
275 774 360 825 est,
402 769 486 813 nisi
523 769 707 814 scribere
746 771 871 815 malis
911 778 1082 825 σαῖσιν,
1127 770 1240 825 quod
1267 770 1553 814 Mommsenus
1583 768 1634 812 ob

136 838 437 896 cacophoniam
466 838 546 882 hoc
576 839 669 882 loco
699 839 903 883 evitatum
933 852 1029 883 esse
1051 841 1208 895 putat).
1260 838 1474 894 Bergkius
1493 842 1635 881 autem

133 906 310 961 insuper
345 906 564 950 metricam
603 907 818 951 licentiam
857 907 1085 951 introducit
1122 908 1166 949 in
1197 922 1271 949 επ.
1296 904 1336 949 α’
1360 910 1401 961 6,
1443 905 1516 949 ubi
1546 920 1636 946 πα-

136 974 241 1016 λαία
271 974 452 1030 syllabis
481 979 760 1031 anapaestum
790 974 902 1019 effici
932 975 1047 1029 vult,
1092 975 1210 1019 cuius
1247 987 1351 1018 usus
1380 974 1503 1029 tria*)
1539 978 1635 1016 tan-

134 1047 223 1084 tum
254 1043 451 1098 exempla
480 1047 627 1086 extant
654 1041 689 1087 0
719 1043 827 1085 XIII
857 1044 909 1085 78
945 1041 1174 1098 Γαῖαόχῳ,
1215 1042 1255 1085 P
1285 1043 1345 1085 IV
1374 1043 1455 1085 233
1488 1033 1635 1084 αἰόλει

135 1114 176 1153 ct
203 1109 410 1154 incertum
440 1109 476 1154 N
504 1110 564 1154 IV
597 1113 646 1153 17
678 1102 955 1155 Κλεωναίου.

248 1178 573 1222 Concedendum
604 1183 669 1222 est
697 1179 884 1234 Bergkio
913 1184 1092 1223 metrum
1121 1191 1269 1222 versus
1291 1181 1316 1220 6
1346 1178 1451 1221 mire
1481 1178 1633 1221 cadere

135 1245 179 1288 in
209 1245 316 1289 duas
346 1247 537 1302 syllabas
567 1247 719 1303 longas
749 1251 791 1291 et
819 1261 948 1290 unam
977 1247 1217 1304 ancipitem,
1252 1246 1298 1290 id
1327 1245 1439 1301 quod
1467 1246 1512 1289 in
1541 1259 1634 1289 ca1·-'

133 1313 317 1357 minibus
355 1315 530 1358 aeolicis
570 1314 798 1358 admodum
836 1329 977 1358 rarum
1017 1319 1104 1367 est;
1148 1329 1247 1358 nam
1287 1319 1402 1358 certa
1436 1314 1634 1370 exempla

135 1380 508 1438 deprehenduntur
535 1383 643 1426 haec
670 1396 828 1439 pauca:

304 1448 342 1491 P
372 1450 436 1493 XI
466 1455 539 1494 Str,
578 1454 596 1492 1
631 1441 1449 1485 -Δυ-υυ-υυ-υυ-υι-ι-’Ξ

135 1521 177 1560 et
209 1517 292 1561 tria
320 1517 365 1560 in
395 1519 531 1576 epodo
562 1518 596 1564 0
627 1519 713 1574 IX,
760 1519 878 1563 cuius
917 1524 1051 1563 metra
1088 1532 1173 1563 non
1211 1519 1349 1562 solum
1386 1518 1468 1561 hac
1505 1518 1550 1561 in
1589 1531 1634 1561 re

134 1586 317 1630 maxime
347 1587 549 1630 recedunt
577 1601 605 1630 a
634 1587 786 1633 ceteris
816 1587 1071 1630 carminibus

407 1646 1343 1712 01Xep„4..-'--vv-⁴vt[1-3

566 1728 694 1779 ep.5
754 1714 1148 1759 ssw--Lt-—

566 1804 632 1847 ep·
669 1793 692 1832 7
752 1780 1342 1825 -Δυ-ψυ-υυμ-ζὲ

135 1857 253 1910 Quae
292 1871 421 1902 causa
457 1872 559 1901 num
589 1858 775 1903 sufficiat
803 1860 860 1903 ad
891 1859 1160 1916 corrigendos
1189 1871 1357 1912 versus,
1402 1858 1633 1902 diiudicare

135 1940 218 1970 non
248 1927 406 1971 audeo:
443 1940 542 1970 nam
571 1927 710 1971 exitus
738 1927 1012 1985 imperfectus
1041 1928 1087 1972 in
1106 1944 1152 1971 τε
1176 1928 1465 1972 corroboratur
1484 1927 1637 1971 eodem

135 1995 250 2039 exitu
281 1994 316 2039 Ο
346 1996 367 2038 Ι
398 1999 451 2038 62
480 1999 640 2053 νέκταρ
673 1992 925 2054 ἀμβροσίαν
954 2013 1001 2040 τε
1039 1997 1112 2052 qui
1140 1997 1213 2039 vix
1242 1995 1448 2039 removeri
1476 2000 1627 2052 potest.

134 2063 313 2107 Metrum
342 2068 483 2108 autem
513 2063 715 2107 usitatum
744 2065 909 2109 restitui
937 2065 1096 2122 possit,
1141 2064 1178 2107 si
1207 2077 1355 2107 versus
1386 2066 1411 2106 6
1441 2077 1535 2106 cum
1565 2077 1634 2107 se-

134 2132 281 2184 quenti
308 2124 523 2186 iungafflr,
558 2132 671 2186 quod
700 2132 790 2176 fieri
819 2137 972 2189 potest,
1008 2133 1046 2176 si
1075 2147 1148 2175 επ.
1179 2129 1218 2173 α’
1242 2134 1267 2173 6
1296 2131 1491 2175 scribitur
1521 2127 1633 2174 ἀλλὰ

136 2199 308 2240 παλαια
358 2195 398 2254 γ’
447 2196 565 2243 εὕδει
613 2199 742 2256 χάρις
785 2214 861 2256 pro
905 2201 1107 2244 librorum
1158 2199 1331 2241 παλαία
1375 2197 1458 2255 γάρ
1503 2203 1546 2242 et
1588 2199 1631 2241 in

134 2281 208 2307 επ.
242 2265 278 2322 γ’
312 2270 337 2308 6
383 2267 550 2311 dativus
596 2263 804 2322 ἁμίλλαις
849 2281 922 2324 pro
968 2263 1238 2326 ἁμίλλαισιν.
1301 2268 1410 2309 Tum
1453 2272 1631 2310 metrum

135 2333 215 2377 hoc
245 2335 319 2379 sit:

502 2394 1267 2439 ᾴυυ-..ῗ--υυι-έυ-υυὲ

193 2487 266 2514 επ.
291 2470 329 2514 α’
364 2468 477 2515 ἀλλὰ
505 2473 680 2515 παλαία
710 2468 754 2529 y'
790 2468 907 2516 εὕδει
935 2470 1064 2529 χάρις
1094 2468 1346 2527 ἀμνάμονες
1376 2470 1424 2513 δὲ
1454 2473 1609 2527 βροτοί

193 2553 264 2580 επ.
289 2538 329 2592 β’
362 2536 643 2597 Ἀμφιάρηόν
672 2537 714 2581 τ’
748 2536 932 2583 εὐανθέ’
968 2536 1254 2589 ἀπέπνευσας
1285 2535 1463 2581 ἁλικίαν

193 2621 264 2648 επ.
290 2605 326 2662 y'
359 2616 529 2652 τεαῖσιν
559 2605 766 2663 ἁμίλλαις
795 2604 992 2651 εὐανθέα
1022 2608 1094 2650 καὶ
1125 2605 1283 2651 Πυθόϊ
1312 2610 1552 2664 στέφανον.

227 2745 258 2783 *)
285 2742 378 2778 Nam
402 2742 435 2778 P
458 2745 513 2780 IX
541 2747 603 2779 105
627 2745 781 2791 Bergkii
806 2745 1020 2781 coniectura
1044 2745 1243 2783 admodum
1267 2745 1410 2780 incerta
1435 2749 1503 2780 est.

1310 2802 1359 2832 3*
