1751 3147
692 161 745 167 -
808 137 920 191 [245]
982 160 1037 166 —
1567 135 1622 175 43

119 262 325 305 cationem
340 265 484 304 autem
506 272 627 303 suam
649 273 702 303 ex
716 260 932 303 veteribus
948 259 1120 302 scholiis
1136 259 1394 316 compilavit:
1422 261 1622 301 τουτέστι

47 343 52 350 “
119 328 198 373 τὸν
216 326 358 384 ὕμνον
377 326 456 372 τὸν
485 327 649 383 γλυκὺν
676 328 753 370 καὶ
782 327 837 370 τὰ
867 327 1010 383 δῶρα
1040 332 1120 370 τοῦ
1144 326 1387 381 Ψαύμιδος,
1422 329 1623 369 τουτέστι

120 397 195 439 καὶ
224 395 272 439 τὸ
305 396 504 452 δῶρον,
546 391 572 438 δ’
602 409 673 438 σοι
702 395 910 452 δωρεῖται
941 391 964 438 ὁ
1000 397 1189 450 Ψαῦμις.
1253 390 1400 437 ἄωτον
1428 393 1476 436 δὲ
1506 394 1623 450 λέγει

121 463 200 509 τὸν
227 461 381 519 ὕμνον,
418 462 471 507 ὃν
500 462 643 520 δῶρόν
673 478 786 521 φησι
814 468 894 507 τοῦ
927 461 1156 518 Ψαύμιὸος
1185 460 1302 519 πρὸς
1331 458 1471 520 αὐτήν
1494 496 1504 505 .
1532 496 1541 505 .
1569 496 1579 505 .
1606 496 1615 504 .

120 533 253 577 Unde.
275 531 504 588 suspiceris
532 531 761 575 Pindarum
792 531 849 575 ad
879 528 1026 574 ἄωτον
1054 529 1238 587 γλυκύν,
1282 531 1336 574 de
1374 544 1457 586 quo
1496 543 1620 574 versu

120 601 253 658 primo
272 599 470 656 loquitur,
506 598 649 656 δῶρον
676 599 953 656 appositionis
981 600 1073 643 loco
1102 599 1337 643 addidisse.
1399 599 1521 651 Quod
1549 612 1622 641 as-

121 668 337 724 sequimur
365 667 599 711 scribentes
634 666 835 722 Ψαύμιος
863 666 914 710 τὸ
945 667 1100 723 δῶρον.

237 736 274 789 9)
311 733 346 778 0
375 735 434 777 VI
464 737 517 778 68

383 805 523 858 πατρί
554 802 557 857 ξ
592 800 766 858 ἑορτάν.
829 802 894 854 31,
930 802 1008 856 211,
1045 804 1121 858 2p,
1157 802 1255 857 2br,
1294 802 1354 846 1i.

237 872 287 914 In
315 871 395 913 hoc
423 883 571 925 versu,
615 883 709 913 cum
739 871 959 925 longarum
989 874 1032 913 et
1058 870 1248 913 brevium
1279 871 1393 914 idem
1421 884 1623 914 numerus

124 939 180 994 sit
207 938 252 982 in
280 938 474 982 versibus
503 937 737 994 parallelis,
772 937 911 981 exitus
938 936 1212 994 imperfectus
1242 952 1292 982 eo
1321 938 1461 983 minus
1485 933 1622 982 offen-

123 1007 206 1061 dit,
251 1006 350 1061 quia
387 1006 648 1048 masculinus
686 1005 773 1048 exit
809 1005 854 1048 in
882 1012 925 1047 -ῖ
958 1005 1092 1048 dativi
1130 1006 1378 1061 singularis,
1422 1007 1495 1061 qui
1524 1019 1622 1050 sae-

123 1075 300 1133 pissime
345 1078 558 1131 comparet
599 1073 646 1117 in
675 1071 711 1118 0
739 1072 783 1116 X
824 1078 867 1117 et
896 1072 933 1117 P
962 1074 1023 1129 V,
1072 1073 1145 1117 ubi
1189 1064 1374 1119 exitibus
1417 1075 1620 1120 brevibus

124 1143 330 1198 quaesitis
369 1142 509 1185 exitus
537 1142 774 1198 imperfecti
802 1146 1077 1194 excusantur3
1120 1142 1166 1184 in
1195 1141 1230 1185 0
1259 1144 1302 1185 X
1331 1143 1515 1198 quinque
1544 1143 1623 1185 da-

126 1211 202 1255 tivi
229 1210 275 1254 in
303 1217 346 1252 -ἵ
372 1209 661 1264 inveniuntur,
704 1208 749 1253 in
777 1207 817 1252 P
845 1210 884 1253 V
912 1213 1121 1264 quattuor.
1182 1210 1321 1266 Atque
1360 1211 1528 1255 omnino
1557 1216 1621 1254 te-

123 1279 309 1323 nendum
347 1282 413 1321 est
450 1278 495 1320 in
533 1278 681 1332 paucis
719 1277 903 1321 exitibus
941 1277 1225 1333 imperfectis,
1273 1291 1378 1333 quos
1415 1278 1623 1321 Pindarus

125 1347 274 1402 habet,
314 1352 358 1388 -ἳ
385 1345 518 1390 multo
548 1344 719 1402 saepius
755 1344 1039 1402 deprehendi,
1087 1360 1213 1401 quam
1255 1351 1407 1390 natura
1449 1346 1623 1401 linguae

126 1416 249 1459 ferat.
311 1415 423 1456 Nam
459 1414 505 1456 in
533 1413 740 1468 Aeschyli
767 1414 992 1456 Persarum
1026 1417 1104 1456 105
1145 1414 1333 1457 exitibus
1365 1414 1625 1470 imperfectis

128 1487 225 1526 sunt
255 1485 307 1524 50
330 1482 372 1534 ἄ,
410 1482 460 1524 18
481 1487 512 1533 ἵ,
550 1482 601 1523 18
623 1495 661 1534 ο,
700 1483 750 1523 15
772 1496 807 1534 ε,
842 1484 868 1523 4
888 1481 928 1535 ῠ,
962 1481 1007 1524 in
1037 1481 1311 1537 epiniciorum
1340 1486 1481 1525 autem
1517 1484 1617 1523 loo:

128 1554 180 1593 34
213 1550 254 1605 ἅ,
299 1551 352 1591 32
383 1555 413 1602 ἴ,
457 1550 510 1591 20
542 1564 576 1603 ε7
624 1550 675 1590 12
707 1564 746 1601 o,
790 1551 816 1590 2
845 1549 886 1603 ὓ,
934 1561 1111 1604 quorum
1149 1550 1369 1604 hucusque
1401 1549 1626 1593 reiecimus

125 1618 254 1662 variis
293 1617 346 1661 de
377 1617 517 1661 causis
551 1620 602 1660 10
634 1617 683 1671 ἅ,
728 1619 752 1659 3
783 1623 816 1660 ἵ.
878 1616 929 1660 In
965 1617 1151 1673 quinque
1189 1622 1330 1661 autem
1369 1617 1626 1661 carminibus

129 1686 163 1731 0
193 1686 265 1738 VI,
310 1684 346 1729 0
374 1685 491 1739 VIII,
532 1685 569 1728 N
598 1686 647 1740 V,
692 1685 728 1729 N
757 1685 872 1739 VIH,
916 1684 952 1727 N
981 1686 1024 1729 X
1053 1690 1096 1730 et
1123 1686 1397 1743 probabiliter
1425 1686 1552 1730 etiam
1580 1685 1627 1729 in

128 1755 167 1798 P
198 1756 240 1798 X
275 1754 484 1797 Pindarus
512 1754 654 1797 nullos
684 1754 822 1797 exitus
850 1751 1119 1809 imperfectos
1148 1755 1231 1798 nisi
1258 1755 1302 1798 in
1330 1762 1373 1797 -ῖ
1411 1755 1493 1798 sibi
1527 1767 1628 1798 con-

130 1823 271 1867 cessit.
334 1821 459 1865 Unde
496 1821 610 1865 idem
649 1821 703 1866 de
742 1839 759 1865 ι
795 1822 933 1866 vocali
968 1822 1087 1866 brevi
1123 1822 1246 1866 nobis
1285 1822 1475 1866 conicere
1509 1822 1622 1876 licet,

132 1890 245 1946 quod
284 1890 338 1932 de
368 1905 396 1932 υ
422 1889 560 1932 vocali
587 1889 706 1933 brevi
735 1890 792 1933 ad
822 1888 857 1933 0
885 1890 929 1932 Π
958 1893 1011 1932 25
1052 1890 1368 1944 adnotavimus,
1414 1890 1445 1932 i.
1477 1903 1517 1933 e.
1549 1904 1628 1932 na-

131 1964 268 2002 turam
309 1973 325 1999 ι
361 1957 521 2000 vocalis
559 1970 654 1999 eam
689 1957 1024 2013 productionem,
1072 1971 1182 2013 quae
1227 1962 1466 2001 constanter
1500 1956 1548 2000 fit
1582 1957 1629 2000 in

133 2026 216 2069 fine
245 2038 468 2078 versuum,
512 2024 590 2068 sed
626 2026 750 2068 modo
787 2024 922 2067 maior
954 2025 1078 2068 modo
1107 2025 1243 2067 minor
1270 2030 1360 2079 est,
1403 2025 1629 2068 admisisse

133 2093 326 2149 quidem;
372 2091 449 2135 sed
478 2090 674 2135 concludi
701 2095 840 2149 potest
876 2104 1025 2135 versus
1064 2105 1158 2147 eos,
1202 2092 1275 2147 qui
1303 2092 1420 2136 exire
1449 2098 1630 2149 possunt

131 2163 176 2204 in
207 2178 222 2203 ι
251 2161 320 2204 vel
349 2176 377 2203 υ
405 2161 599 2214 brevem,
632 2160 949 2216 productionem
978 2161 1106 2216 paulo
1134 2161 1336 2204 minorem
1364 2160 1410 2203 in
1437 2160 1522 2204 fine
1550 2161 1630 2203 ha-

133 2229 279 2273 buisse
309 2241 436 2283 quam
465 2228 563 2271 illos
591 2240 762 2282 versus,
790 2223 884 2271 'ubi
913 2228 1051 2272 exitus
1079 2227 1315 2285 imperfecti
1343 2229 1511 2272 omnino
1541 2229 1631 2273 evi-

131 2301 284 2340 tantur.
438 2298 441 2301 '

252 2365 315 2420 10)
354 2362 389 2408 o
418 2364 526 2406 xm
583 2351 1154 2407 aim--ssv---wz

310 2447 382 2475 επ.’
409 2429 449 2474 α’
472 2435 497 2474 4
529 2435 597 2483 τίς
625 2430 709 2488 γὰρ
740 2431 941 2483 ἱππείοις
971 2431 1247 2476 ἐνιὲντεσσιν
1274 2435 1428 2490 μέτρα,

310 2517 383 2544 επ.
407 2498 447 2555 β’
472 2504 498 2543 4
529 2496 642 2543 ὅσσα
672 2497 714 2542 τ’
750 2500 799 2545 ἐν
826 2502 1075 2558 Δελφοῖσιν
1104 2496 1391 2558 ἀριστεύσατε

311 2584 384 2611 επ.
410 2568 446 2624 γ’
470 2573 495 2611 4
525 2567 713 2619 Παλλὰς
742 2565 908 2627 ἤνεγκ’·
954 2568 1002 2622 ἐξ
1030 2565 1205 2626 ὀνείρου
1235 2565 1278 2612 δ’
1314 2565 1472 2613 αὐτίκα

310 2652 384 2679 επ.
409 2634 445 2679 δ’
469 2641 493 2679 4
526 2635 714 2689 τοξόταν
741 2635 920 2691 βάλλων
947 2645 1197 2693 γυναικεῖον
1226 2636 1419 2694 στρατόν

309 2720 382 2747 επ.
408 2703 439 2747 ε’
472 2709 495 2746 4
526 2703 683 2755 πόλιες
713 2701 787 2747 ἅτ’
822 2701 1002 2760 Εὔβοια.
1054 2706 1130 2748 καὶ
1159 2711 1314 2749 πᾶσαν
1343 2706 1457 2750 κατά
