1751 3147
124 125 178 166 26
703 149 760 155 -
823 125 934 179 [228]
997 149 1052 156 .-

242 251 305 304 14)
341 247 377 293 0
406 247 510 292 XIV
543 252 609 291 15.

235 317 358 369 Quod
386 317 432 361 in
461 317 583 361 libris
613 330 742 361 manu
772 317 941 372 scriptis
971 323 1089 361 extat

309 384 471 436 παῖδες
502 383 691 427 ἑπάκοοι
719 388 801 428 νῦν
833 382 1002 428 Θάλειά
1032 400 1078 428 τε
1111 385 1115 442 Ι
1150 384 1435 442 ἐρασίμολπε,

123 458 257 496 metro
287 453 553 505 adversatur,
589 452 802 506 siquidem
833 453 1032 507 strophae
1055 465 1206 496 versus
1226 454 1457 509 parallelus
1477 454 1546 496 hio
1566 459 1632 496 est

396 544 425 549 -
449 530 514 550 v'kd'
534 545 562 550 .-
582 530 962 551 ———————

397 581 431 629 ὦ
461 586 658 644 λιπάρας
690 583 888 641 ἀοίδιμοι
916 587 1143 641 βασίλειαι
1175 588 1178 644 ᾗ
1211 587 1407 645 Χάριτες

122 669 201 698 neo
231 655 370 698 minus
401 655 658 708 sententiae,
689 654 802 709 quod
826 654 1081 698 scholiastae
1101 669 1266 711 quoque
1287 661 1523 710 senserunt,
1558 658 1630 711 qui

126 723 326 779 supplent
356 721 564 781 ἐπήκοοι,
601 724 784 779 γίνεσθε
816 721 1042 780 δηλονότι,
1078 727 1205 779 atque
1234 723 1280 767 in
1309 737 1392 767 uno
1422 724 1566 768 codice
1597 725 1630 769 C

121 791 296 833 verbum
336 794 519 846 γίνεσθε
558 791 604 832 in
641 795 804 833 textum
843 790 1014 845 irrepsit
1056 792 1236 847 expulso
1279 792 1485 835 vocabulo
1529 797 1625 835 νῦν.

122 857 217 908 Qua
245 858 408 902 ratione
440 858 590 902 ductus
621 858 834 912 Bergkius
863 858 1062 911 verbum,
1110 858 1222 912 quod
1253 858 1391 912 deest,
1435 859 1508 912 ita>
1529 873 1631 916 sup-

120 925 267 980 plevit,
302 930 349 968 ut
377 939 432 968 ex
462 924 652 968 ἐπάκοοι
680 924 869 968 efficeret
899 924 1150 979 ἐπακοοῖτε,
1186 938 1267 981 quo
1298 925 1423 968 simul
1448 931 1628 970 metrum

121 993 431 1042 restitueretur:
465 993 510 1036 in
538 992 622 1036 fine
652 997 793 1036 autem
817 1005 967 1036 versus
986 992 1073 1035 iam
1092 993 1333 1037 Boeokhius
1353 993 1523 1037 nomine
1542 998 1629 1037 ter-

121 1060 206 1103 tiae
238 1060 436 1114 Gratiae,
480 1074 534 1104 ex
562 1060 742 1103 Hesiodi
782 1072 908 1103 versu
947 1060 1202 1116 theogoniae
1232 1062 1314 1103 909
1344 1057 1553 1119 Ἀγλαΐην
1583 1078 1628 1105 τε

118 1129 192 1170 καὶ
225 1125 519 1186 Εὐφροσύνην
552 1129 766 1186 Θαλίην
795 1124 838 1170 τ’
872 1127 1102 1185 ἐρατεινήν
1131 1130 1318 1185 cognito,
1363 1131 1476 1183 quod
1515 1144 1623 1173 unus

123 1196 251 1240 etiam
297 1196 623 1240 scholiastarum
667 1196 817 1248 habet,
866 1196 1053 1252 reposito
1096 1200 1276 1240 metrum
1311 1197 1631 1253 redintegrave-

123 1270 203 1307 rat.
274 1266 423 1320 Itaque
463 1265 678 1320 Bergkius
717 1264 890 1317 quidem
927 1264 1036 1307 haee
1073 1269 1272 1319 temptat:
1317 1265 1478 1315 παῖδες
1517 1265 1629 1308 ἐπα-

121 1339 266 1374 κοοῖτε
296 1337 379 1375 νῦν
406 1332 552 1375 Θαλία
583 1347 654 1383 τε;
690 1331 933 1374 Boeckhius
963 1336 1104 1375 autem
1136 1332 1409 1376 scholiastam
1439 1338 1624 1387 secutus,

120 1400 192 1455 qui
222 1400 285 1443 ait
320 1396 413 1443 ἀπὸ
444 1404 597 1444 κοινοῦ
628 1398 814 1457 ἐπήκοοι
852 1401 1059 1455 γίνεσθε·
1101 1399 1213 1444 ἔνιοι
1248 1400 1297 1443 δέ
1336 1414 1477 1458 φασιν
1513 1400 1630 1458 πρὸς

122 1467 201 1526 τὴν
230 1471 383 1526 τρίτην
416 1468 614 1512 Θάλειαν
651 1472 783 1511 τοῦτο
814 1468 1052 1524 λέγεσθαι,
1097 1468 1278 1512 credidit
1313 1469 1623 1525 imperativum,

120 1537 194 1592 qui
230 1536 461 1592 exciderit,
504 1536 767 1592 singularem
807 1536 942 1580 fuisse
981 1549 1157 1581 numero
1196 1536 1367 1592 quidem
1402 1537 1458 1580 ad
1495 1538 1628 1581 solam

120 1605 319 1648 Thaliam
357 1605 664 1661 pertinentem,
714 1604 791 1647 sed
835 1605 1067 1648 secundum
1112 1605 1366 1648 sententiam
1406 1605 1459 1648 de
1497 1606 1630 1649 tribus

121 1673 280 1717 Gratiis
321 1673 502 1728 dictum,
546 1672 656 1717 siout
695 1671 843 1715 ἰδοῖσα
884 1672 1092 1728 singulari
1130 1686 1306 1716 numero
1335 1673 1526 1717 additum
1556 1674 1624 1729 sit,

121 1755 378 1797 quamquam
408 1742 620 1797 pertineat
648 1741 706 1784 ad
735 1754 881 1783 omnes
911 1745 996 1783 tres
1028 1741 1146 1784 deas.
1208 1741 1359 1795 Itaque
1390 1743 1572 1784 mavult:

451 1809 633 1863 παῖδες,
670 1806 865 1859 ἐπάκοος
895 1811 1023 1864 γένευ
1057 1809 1203 1851 Θαλία
1233 1825 1295 1852 τε.

124 1878 209 1921 Sed
239 1878 347 1921 haec
376 1878 448 1920 vix
478 1877 662 1922 Pindaro
691 1877 821 1921 tribui
848 1881 1048 1933 possunt:

291 1938 326 1987 ὦ
355 1942 509 1989 πότνι’
541 1942 725 2000 Ἀγλαΐα
757 1945 1063 2002 φιλησίμολπέ
1093 1941 1134 1986 τ’
1169 1941 1460 2001 Εὐφροσύνα,
1506 1950 1627 1989 θεῶν

667 2015 907 2069 κρατίστου

292 2081 515 2135 παῖδες,
553 2079 798 2130 ἐπάκοος
827 2083 1008 2136 γένευ,
1049 2080 1195 2122 Θαλία
1225 2095 1271 2121 τε

294 2148 584 2207 ἐρασίμολπε,
622 2147 769 2192 ἰδοῖσα
800 2146 928 2192 τόνδε
959 2150 1109 2201 κῶμον
1142 2180 1151 2190 .
1181 2180 1190 2190 .
1219 2180 1228 2189 .
1258 2181 1266 2189 .

121 2219 239 2262 Ferri
271 2218 443 2274 quidem
473 2222 641 2275 poterat
670 2215 866 2268 ἒπάκοός
895 2232 943 2259 τε
973 2219 1102 2272 γένευ
1135 2216 1303 2270 Θαλία,
1348 2217 1424 2260 sed
1454 2232 1500 2260 τε
1535 2223 1631 2273 post

125 2287 270 2329 Θαλία
315 2286 463 2330 addito
506 2286 646 2342 figura
691 2282 783 2329 ἀπὸ
828 2289 982 2329 κοινοῦ
1029 2284 1123 2328 fieri
1171 2297 1255 2327 non
1303 2289 1457 2341 potest.
1538 2285 1631 2328 Pri-

119 2369 233 2397 mum
264 2359 407 2397 autem
437 2354 726 2409 quaerendum
757 2360 834 2409 est,
874 2367 975 2397 num
1004 2354 1096 2396 iure
1126 2352 1262 2396 forma
1291 2352 1505 2395 Hesiodea
1537 2354 1630 2395 Θα-

118 2423 192 2466 λία
222 2423 413 2479 reposita
441 2422 500 2466 sit
527 2422 673 2466 invitis
702 2422 896 2465 omnibus
925 2422 1062 2465 libris.
1115 2422 1253 2475 Atque
1283 2420 1514 2464 scholiasta
1533 2421 1630 2475 qui—

117 2490 237 2545 dem,
271 2490 346 2545 qui
375 2490 555 2533 formam
584 2490 767 2533 nominis
796 2503 850 2534 ex
877 2489 971 2546 ipso
1000 2489 1180 2532 Hesiodi
1210 2500 1358 2541 versu,
1394 2501 1519 2543 quem
1549 2489 1629 2532 ad-

116 2564 257 2614 notat,
302 2571 470 2602 sumere
507 2557 666 2614 potuit,
710 2556 822 2600 fidus
849 2557 972 2601 testis
1001 2570 1087 2600 non
1117 2561 1196 2600 est.
1262 2554 1430 2599 Θάλεια
1465 2561 1620 2610 autem,

117 2626 229 2682 quod
268 2626 369 2671 libri
397 2626 625 2683 praebent,
673 2629 843 2669 auctore
873 2624 1063 2669 Hesiodo
1093 2623 1265 2680 quidem
1294 2624 1443 2668 Musae
1472 2631 1627 2669 nomen

115 2700 191 2747 est,
227 2696 289 2739 th.
325 2697 398 2737 77:
