1751 3147
711 170 768 176 —
830 146 941 201 [233]
1007 170 1061 177 -
1268 136 1270 138 ’
1587 147 1634 188 31

137 275 362 318 Praeterea
401 276 543 316 autem
578 284 628 313 eo
660 271 932 325 offendimur,
978 272 1092 326 quod
1121 271 1334 327 Bergkius
1363 286 1405 314 v.
1440 273 1490 314 81
1523 272 1641 314 inco-

138 343 232 386 hari
260 343 353 386 vult
380 341 434 384 ab
465 339 660 383 enclitica
689 339 796 382 elisa
826 335 869 381 σ’
895 338 943 383 ἐν
972 339 1092 382 δαιτὶ
1122 339 1372 394 σεβίζομεν.
1423 339 1641 384 Difficilli-

138 424 252 453 mum
291 408 462 465 quidem
492 410 558 449 est
584 406 643 449 ad
672 406 997 462 explorandum,
1041 420 1123 463 quo
1151 407 1276 450 modo
1304 420 1453 450 versus
1483 409 1506 447 7
1541 413 1583 450 et
1614 409 1638 449 8

141 477 339 535 strophae
360 474 644 520 constituendi
665 474 760 528 sint,
797 488 891 518 cum
912 479 1109 530 quattuor
1133 489 1187 519 ex
1217 479 1310 519 octo
1339 474 1533 519 versibus
1562 488 1641 531 pa—

139 545 301 589 rallelis
330 542 512 598 corrupti
549 542 594 585 in
634 543 753 586 libris
788 543 1024 586 tradantur.
1087 544 1194 586 Sunt
1229 547 1372 586 autem
1409 542 1455 585 hi
1491 556 1640 596 versus

136 612 240 657 certi
269 615 312 654 et
341 611 394 653 ab
424 610 618 654 omnibus
649 609 882 654 editoribus
911 610 1090 667 recepti,
1135 610 1219 653 nisi
1254 610 1366 665 quod
1394 610 1637 654 Boeckhius

136 687 179 725 et
207 679 417 734 Bergkius
446 679 610 722 malunt
641 675 731 722 ἀπὸ
762 679 1006 734 βαθμίδων

376 759 1405 814 -έυι-ᾂυυ-υΞΙυᾷ-υ-ικυ-υὲ

131 853 231 894 στρ.
257 836 296 880 α’
321 841 344 879 7
377 837 537 888 αἰῶνος
567 834 708 894 ἀκρᾶν
736 838 979 898 βαθμίδων
1009 834 1100 879 ἄπο
1134 839 1137 893 Ι
1172 837 1253 880 σὺν
1283 834 1461 893 εὐδοξίᾳ
1500 853 1634 891 μετα-

706 910 853 950 νίσεαι

135 988 230 1031 στρ.
254 973 294 1028 β’
320 977 342 1015 7
376 970 569 1030 ἄμειψεν
599 974 646 1017 ἐν
675 974 942 1018 κοιλόπεδον
969 973 1115 1025 νάπος
1148 975 1151 1029 Ι
1185 978 1321 1018 θεοῦ·
1355 973 1404 1016 τό
1437 970 1521 1032 σφ’
1546 974 1633 1028 ἔχει

705 1047 1030 1099 κυπαρίσσινον

134 1125 230 1152 αντ.
255 1108 291 1152 δ’
317 1112 340 1150 7
372 1108 575 1165 γλῶσσάν
614 1124 684 1153 τε·
729 1109 904 1167 θάρσος
941 1126 987 1154 τε
1026 1109 1301 1167 τανύπτερος
1340 1110 1344 1167 Ι
1389 1109 1437 1153 έν
1467 1107 1635 1167 ὄρνιξιν

706 1177 853 1230 αἰετὸς
883 1179 1067 1222 ἔπλετο·

133 1262 176 1301 et
204 1272 298 1301 cum
329 1258 414 1301 levi
443 1259 699 1303 correctione
720 1273 773 1303 ex
794 1258 1102 1302 αἰδοιέστατον
1131 1259 1329 1303 librorum

134 1352 230 1379 αντ.
256 1336 295 1378 α’
319 1341 341 1378 7
377 1334 620 1393 ὀφθαλμὸς
650 1337 934 1381 αἰδοιότατον
963 1341 1116 1394 γέρας,
1164 1339 1167 1394 Ι
1210 1342 1287 1393 τεᾷ
1317 1343 1446 1381 τοῦτο
1477 1337 1633 1393 μιγνύ-

704 1422 839 1460 μενον
869 1409 1023 1463 φρενί·

133 1485 234 1528 Post
265 1481 356 1527 ἄπο
386 1485 483 1527 finis
511 1498 659 1529 versus
689 1486 954 1540 statuendus,
987 1485 1072 1529 nisi
1102 1499 1195 1529 cum
1216 1485 1402 1540 Bergkio
1423 1486 1632 1542 corrigere

134 1553 330 1595 volumus
361 1567 456 1608 στρ.
482 1551 521 1594 α’
556 1549 647 1595 ἀπὸ
677 1553 921 1608 βαθμίδων
949 1558 992 1596 et
1021 1567 1114 1609 στρ,
1140 1552 1176 1608 γ’
1209 1553 1339 1595 verba
1367 1552 1524 1596 tradita

245 1636 306 1687 τῷ
335 1633 410 1673 καὶ
438 1632 751 1686 Λακεδαίμονι
782 1631 829 1675 ἐν
856 1629 1001 1688 Ἄργει
1031 1649 1076 1675 τε
1107 1633 1182 1674 καὶ
1213 1631 1359 1688 ζαθέᾳ
1389 1631 1528 1687 Πύλῳ

130 1711 174 1752 in
205 1711 316 1752 hunc
345 1710 535 1753 ordinem
565 1711 781 1766 redigere:

245 1794 305 1845 τῷ
334 1790 410 1832 καὶ
441 1789 588 1846 ζαθέᾳ
617 1788 755 1845 Πύλῳ
788 1789 835 1833 ἐν
864 1788 1011 1847 Ἄργει
1040 1806 1085 1832 τε
1117 1790 1191 1832 καὶ
1220 1789 1531 1844 Λακεδαίμονι

136 1869 222 1922 (ubi
251 1869 466 1925 Bergkius
505 1868 668 1913 hiatum
698 1870 902 1913 construit
930 1867 1070 1925 Πύλῳ
1102 1868 1170 1923 ἐν,
1211 1869 1284 1923 qui
1322 1871 1514 1925 quamvis
1554 1883 1631 1913 ex-

131 1938 270 1979 cusari
298 1938 458 1993 possit,
501 1942 644 1981 tamen
672 1938 902 1981 mutatione
933 1938 1036 1981 satis
1066 1937 1217 1980 audaci
1246 1951 1330 1979 non
1360 1939 1630 1981 commenda-

129 2006 228 2059 tur),
263 2009 305 2047 et
334 2019 428 2061 στρ.
454 2003 490 2047 δ’
513 2003 598 2061 'pro
627 2004 844 2060 χεύμασιν
874 2006 1056 2049 scribere
1086 2001 1368 2058 χευμάτεσσ’,
1405 2010 1446 2048 et
1467 2021 1563 2048 αντ.
1588 2004 1624 2048 δ’

130 2084 203 2125 pro
242 2070 517 2129 τανύπτερος
555 2073 812 2116 nominativo
857 2073 1063 2127 singulari
1101 2075 1395 2128 τανυπτέροις
1438 2072 1627 2115 dativum

130 2140 349 2193 pluralem,
386 2154 495 2195 quae
525 2140 700 2183 mutatio
728 2141 824 2196 ipsa
853 2140 1062 2183 sententia
1090 2154 1174 2182 non
1202 2140 1429 2195 flagitatur.

243 2219 423 2262 Metrum
452 2219 583 2274 igitur
612 2220 690 2262 hoc
708 2219 755 2262 in
774 2219 978 2275 corruptis
998 2219 1191 2262 versibus
1211 2219 1514 2265 restituendum
1535 2226 1622 2264 est:

362 2287 848 2328 -LvL-LQ-v!
879 2287 882 2344 Ι
914 2288 1395 2318 υᾼ-υ-κκυ-υὲ

243 2368 282 2421 a)
319 2383 415 2410 αντ.
438 2366 477 2421 β’
502 2371 525 2410 7
566 2367 664 2411 libri
701 2368 861 2411 habent
897 2366 1117 2425 μνημήῑον
1152 2369 1232 2421 (vel
1262 2367 1518 2424 μναμήῑον).
1582 2368 1630 2411 ἐν

130 2432 463 2493 τεσσεράκονταἱ
490 2434 596 2492 γάρ,
641 2436 714 2479 ubi
752 2435 887 2479 forma
924 2436 1063 2479 ionica
1101 2435 1207 2479 mira
1245 2440 1332 2490 est,
1376 2449 1520 2480 verum
1552 2437 1629 2481 de-

129 2500 246 2543 fendi
275 2503 442 2546 videtur
470 2505 606 2547 altera
635 2504 768 2547 forma
796 2505 955 2547 ionica:

241 2579 281 2634 b)
319 2595 413 2637 στρ.
438 2581 473 2637 γ’
500 2586 521 2624 7
554 2581 793 2640 μαντήϊον·
827 2587 888 2639 τῷ
917 2584 990 2625 καὶ
1020 2583 1332 2638 Λακεδαίμονι

130 2646 216 2689 Sed
234 2652 382 2691 neuter
401 2663 550 2694 versus
569 2651 615 2694 id
634 2656 812 2694 metrum
833 2651 1033 2705 continet,
1067 2651 1179 2706 quod
1200 2651 1480 2705 desideratur,
1515 2653 1627 2709 prior

129 2718 271 2757 autem
311 2720 489 2759 metrum
529 2733 675 2762 verum
709 2719 880 2774 recipit,
925 2719 962 2761 si
992 2718 1126 2762 forma
1155 2721 1364 2775 regularis
1394 2721 1629 2764 restituitur
