1751 3147
694 173 751 179 —
813 150 925 205 [215]
989 172 1042 178 -
1562 132 1615 187 ‘13

121 290 213 320 sum
243 278 455 320 heroicum
493 280 535 319 et
572 276 803 318 trimetrum
831 274 1072 317 iambicum.
1134 274 1184 316 In
1213 273 1384 316 Homeri
1413 273 1519 315 libro
1554 276 1609 325 N,

121 346 193 400 qui
221 346 405 389 continet
433 346 701 388 hexametros
731 344 837 396 835,
881 355 1030 385 versus
1063 343 1141 384 142
1180 340 1338 385 cadunt
1374 340 1417 384 in
1445 341 1616 384 brevem

121 417 329 470 apertam3
371 413 416 455 in
452 411 622 466 dialogo
657 411 879 454 Persarum
920 409 1207 465 Aeschyleae,
1251 409 1323 462 qui
1361 413 1526 451 constat
1562 421 1616 450 ex

122 483 317 525 trimetris
360 480 553 524 iambicis
596 484 639 522 et
680 479 934 522 tetrametris
976 477 1200 534 trochaicis
1238 477 1493 520 catalecticis
1532 479 1614 518 590

129 549 240 604 (licet
269 549 395 602 enim,
430 547 504 590 ubi
533 546 588 590 de
615 546 699 590 fine
729 559 925 589 versuum
955 545 1147 600 quaestio
1177 549 1252 598 est,
1293 544 1399 587 haec
1427 544 1510 587 duo
1539 557 1616 599 ge-

121 632 222 661 nera
260 622 484 660 metrorum
522 616 784 667 consociare,
834 615 1030 669 quoniam
1069 614 1287 668 utriusque
1323 625 1422 668 pars
1460 613 1608 665 altera,

121 699 229 741 quae
257 690 354 742 post
381 696 598 728 caesuram
628 687 706 738 est,
741 682 890 727 eadem
919 686 1005 727 est:

627 750 881 804 w-u-C’
915 750 1258 782 -ψ-ῧ-υὲ

473 818 880 875 ..υ-ὖ-υ-ῧῖ
916 818 1271 875 -υ-ῦ-υὲ)

125 894 203 932 105
234 903 381 934 versus
411 895 567 933 exeunt
594 890 638 932 in
668 880 837 932 Brevem
867 894 1072 944 apertam.
1133 889 1221 931 Hos
1259 888 1391 942 igitur
1419 900 1614 930 numeros

120 959 342 1002 evicimus:
1185 949 1192 956 ’

178 1027 350 1070 Pindari
371 1027 565 1082 epinicia]
595 1029 674 1068 100
700 1043 707 1067 ;
735 1027 843 1068 3549
865 1027 933 1069 vel
982 1028 1034 1068 28
1060 1043 1066 1067 :
1100 1028 1220 1079 1000,
1246 1025 1335 1068 fere
1354 1027 1411 1080 ⁷5¹5
1431 1025 1499 1085 vel
1520 1027 1576 1080 ἐς

178 1095 348 1138 Homeri
374 1096 439 1150 N]
600 1096 678 1135 142
703 1111 710 1136 :
766 1096 846 1136 835
868 1094 937 1137 vel
962 1096 1039 1136 170
1063 1110 1069 1135 ;
1102 1096 1224 1149 1000,
1250 1092 1339 1136 fere
1359 1095 1388 1150 ὲ

178 1165 380 1219 Aeschyli
400 1165 571 1217 Persae]
602 1168 678 1205 105
705 1180 712 1203 :
767 1167 848 1205 590
869 1164 938 1206 vel
964 1165 1040 1205 178
1065 1181 1071 1204 ;
1103 1166 1223 1217 1000,
1249 1163 1338 1206 fere
1358 1165 1400 1219 ᾗ.

120 1231 186 1275 Ex
216 1244 300 1287 qua
329 1231 636 1289 computatione
664 1231 926 1287 intellegitur
954 1230 1182 1274 Pindarum
1216 1231 1485 1286 aliquatenus
1515 1243 1615 1273 con—

121 1301 230 1343 sulto
268 1301 565 1343 reformidasse
603 1301 761 1343 exitum
800 1313 995 1343 versuum
1032 1301 1092 1343 ita
1121 1305 1425 1355 comparatum,
1472 1306 1518 1342 ut
1547 1301 1614 1341 ul-

120 1367 224 1411 tima
262 1368 430 1424 syllaba
468 1368 638 1412 caderet
674 1368 716 1411 in
755 1368 925 1412 brevem
961 1368 1150 1412 vocalem
1179 1372 1383 1424 apertam.
1445 1367 1539 1420 Qua
1568 1380 1612 1410 re

119 1437 312 1480 commoti
350 1436 542 1479 dedimus
580 1437 677 1479 huic
715 1437 848 1479 exitui
882 1450 1035 1479 nomen
1074 1436 1408 1491 imperfecti,
1463 1436 1524 1478 ita
1568 1441 1614 1478 ut

121 1504 258 1548 exitus
298 1504 579 1560 perfectus
617 1504 736 1548 nobis
774 1504 811 1547 is
851 1504 925 1558 sit,
974 1504 1047 1558 qui
1090 1504 1290 1547 formetur
1332 1508 1405 1547 aut
1443 1504 1613 1560 syllaba

120 1573 249 1627 longa
278 1574 424 1616 clausa
460 1575 509 1628 (e.
544 1587 586 1627 g.
622 1573 710 1630 της)
746 1578 819 1615 aut
848 1573 1018 1628 syllaba
1047 1573 1174 1627 longa
1204 1577 1352 1628 aperta
1385 1574 1439 1627 (e.
1464 1587 1507 1627 g.
1542 1575 1605 1629 τη)

118 1645 192 1683 aut
220 1641 389 1697 syllaba
416 1641 535 1684 brevi
564 1641 710 1684 clausa
743 1641 797 1696 (e.
830 1654 874 1696 g.
908 1641 1015 1696 τος).

231 1709 433 1764 Figuram
473 1709 753 1765 rhythmicam
792 1709 931 1752 exitus
972 1709 1180 1764 spectanti
1219 1709 1487 1752 discernendi
1517 1714 1614 1752 sunt

119 1776 257 1820 exitus
285 1777 542 1820 masculinus
573 1781 616 1821 et
644 1777 781 1821 exitus
811 1776 1057 1820 femininus:
1105 1776 1364 1855 masculinus
1403 1781 1544 1821 autem
1573 1777 1610 1818 is

117 1860 196 1910 est,
231 1856 350 1899 cuius
379 1857 639 1912 paenultima
668 1857 836 1912 syllaba
865 1857 972 1900 arsis
1002 1862 1067 1900 est
1102 1858 1146 1911 (υ
1164 1857 1229 1911 Ξ),
1265 1851 1491 1900 femininus
1511 1870 1611 1900 con-

118 1928 181 1967 tra
209 1924 261 1978 is,
297 1924 416 1968 cuius
445 1925 707 1981 paenultima
735 1925 905 1981 syllaba
932 1924 1067 1968 thesis
1098 1929 1163 1968 est
1200 1925 1241 1979 (—'
1261 1922 1306 1981 U)
1322 1926 1377 1981 *).

229 1993 321 2035 Iam
335 2006 587 2048 quamquam
604 2006 752 2037 versus
771 1993 966 2036 heroicus
985 1993 1199 2047 feminino,
1225 2007 1372 2036 versus
1392 1994 1611 2036 scaenicus

118 2061 352 2103 masculino
383 2061 634 2117 conspicuus
664 2066 729 2105 est
756 2061 894 2116 exitu,
938 2067 1064 2117 atque
1102 2062 1188 2105 alia
1227 2062 1407 2105 dialecto
1440 2066 1612 2105 utuntur

117 2129 227 2184 epici
246 2129 333 2172 alia
352 2130 502 2184 tragici
522 2134 688 2185 poetae,
722 2134 862 2173 tamen
881 2130 1088 2173 Homerus
1108 2135 1151 2173 et
1169 2131 1408 2186 Aeschylus
1428 2131 1610 2185 eundem

117 2209 335 2239 numerum
365 2196 586 2239 relativum
617 2197 803 2240 exituum
832 2197 1169 2252 imperfectorum
1199 2199 1356 2241 habent
1383 2200 1426 2253 ᾖ.
1489 2198 1611 2240 Unde

117 2269 294 2320 apparet
321 2265 499 2320 figuram
530 2265 666 2309 exitus
691 2265 848 2308 nullius
868 2265 1067 2308 momenti
1086 2278 1180 2309 esse
1199 2267 1243 2309 in
1263 2266 1501 2320 frequentia
1521 2266 1612 2310 exi-

115 2337 232 2375 tuum
262 2333 599 2388 imperfectorum
629 2333 892 2377 admittenda
920 2333 1302 2378 reformidandave.

812 2437 906 2492 §a

230 2516 334 2559 Cum
363 2515 678 2571 circumspectis
697 2517 891 2559 omnibus
911 2517 1036 2559 rebus
1055 2517 1369 2572 rationibusque
1390 2518 1610 2561 subductis

116 2583 334 2638 explorate
374 2583 585 2637 cognitum
615 2583 847 2626 habeamus
876 2583 1101 2626 Pindarum
1132 2585 1290 2628 exitum
1319 2585 1608 2641 imperfectum

205 2685 236 2726 *)
266 2685 307 2719 In
331 2685 400 2720 hac
425 2685 640 2720 definitione
664 2686 911 2730 paenultimae
936 2691 1103 2722 naturam
1127 2688 1384 2729 adhibuimus,
1420 2699 1492 2723 non
1526 2688 1610 2723 ulti-

113 2751 206 2783 mae,
233 2751 278 2776 ex
303 2741 437 2782 causis,
466 2752 619 2787 quarum
643 2740 740 2778 infra
764 2741 939 2778 faciemus
965 2743 1197 2779 mentionem.
