1751 3147
135 122 191 162 52
717 140 772 147 -
836 117 949 171 [254]
1012 138 1066 146 -

318 240 427 286 XIII
457 241 629 299 (μέτρα,
666 240 793 297 κατά,
830 237 1004 295 αὐτίκα,
1042 236 1365 297 ἀριστεύσατε).

320 312 364 354 Π
394 307 496 368 (ὅτι,
531 308 691 369 βαθύ),
727 310 1021 367 παρελέξατο.

320 379 381 422 IV
412 376 614 435 ((θαμά),
651 381 895 435 σκίμψατο,
929 376 1044 431 τινά,
1080 376 1227 434 ποτε).

321 448 360 490 V
390 442 516 505 (ἄπο,
542 446 895 504 Λακεδαίμονι),
931 445 1097 503 (φρενί,
1123 447 1266 503 φρενί,
1303 441 1501 500 ἔπλετο),
1537 437 1638 498 (ὅτι,

527 510 698 573 meave<

318 584 383 626 III
413 580 650 640 (Νεμεάδι,
686 581 884 639 πελάγεϊ,
919 579 1128 638 θαμινά),
1165 577 1353 638 ἄτρεκέι.

251 653 279 696 I
308 653 367 694 VI
398 650 544 708 (κάτα,
581 652 804 709 φείσατο),
841 646 1015 694 αὐτίκα.

254 720 280 764 Ι
310 720 391 763 VII
410 715 616 777 Ἕκτορα.

252 789 279 832 I
309 789 412 832 VIII
443 787 707 845 (τραφέντα,
743 786 960 843 τυχοῖσα),
995 787 1183 839 βασιλέι,
1221 782 1433 841 ἁγεμόνα.

251 858 291 913 b)
328 857 489 900 Versus
519 856 719 912 paralleli
748 856 997 912 plerumque
1025 855 1069 898 in
1098 854 1272 910 longam
1302 858 1478 897 exeunt:

250 924 286 969 0
316 926 360 968 II
389 923 521 980 βαρύ.

252 993 291 1036 P
322 993 382 1036 IV
412 990 598 1046 δώματι.

250 1061 291 1105 P
321 1062 359 1104 V
388 1064 518 1116 μέτα.

252 1130 289 1173 Ν
320 1129 385 1173 ΠΙ
416 1126 524 1172 ἄπο.

253 242 287 288 0

251 312 291 355 Ρ

251 380 292 423 P

252 447 291 491 P

250 584 288 626 N

252 1198 318 1241 De
350 1198 413 1241 eis
443 1202 587 1240 autem
618 1197 819 1250 exitibus,
864 1208 969 1250 quos
1008 1196 1087 1238 sub
1126 1195 1190 1238 III
1209 1196 1250 1251 b)
1276 1195 1637 1250 enumeravimus,

135 1266 251 1309 idem
290 1265 569 1308 iudicandum
609 1269 675 1307 est
711 1268 839 1318 atque
866 1264 923 1307 de
951 1263 1135 1306 exitibus
1164 1263 1316 1306 classis
1345 1263 1408 1304 II:
1452 1279 1494 1305 -ι
1522 1268 1565 1306 et
1592 1280 1643 1306 w

136 1335 182 1377 in
212 1333 329 1377 exitu
357 1332 588 1389 productas
617 1343 726 1385 esse,
760 1331 1116 1387 praepositionem
1135 1326 1228 1372 ἄπο
1258 1329 1435 1373 formam
1461 1331 1643 1387 amplio-

135 1415 226 1445 rem
256 1400 472 1456 recepisse
504 1396 621 1453 ἄπυ,
666 1399 720 1442 de
749 1399 956 1455 ampliore
980 1403 1127 1441 autem
1156 1398 1294 1441 forma
1322 1396 1435 1451 μετά
1462 1411 1643 1454 praepo-

135 1469 305 1513 sitionis
342 1470 498 1523 (μεταί)
536 1467 649 1523 quod
678 1466 785 1510 nihil
815 1471 1074 1523 compertum
1104 1471 1192 1521 est,
1235 1466 1282 1509 id
1317 1465 1495 1510 fortasse
1525 1467 1643 1510 casui

134 1536 431 1580 tribuendum:
469 1535 523 1578 cf.
557 1536 877 1590 καταί(βατος),
911 1530 1039 1588 ὑπαί,
1076 1537 1233 1590 παραὶ,
1271 1531 1400 1576 &aaa

841 1660 864 1713 ξ
894 1662 934 1701 8.

252 1739 412 1783 Ultimo
450 1738 543 1782 loco
580 1737 868 1792 quaerendum
897 1737 1019 1781 nobis
1049 1742 1115 1781 est
1143 1736 1198 1780 de
1226 1741 1378 1781 natura
1405 1738 1642 1794 rhythmica

133 1808 325 1850 exituum
345 1805 703 1862 imperfectorum.
756 1805 825 1848 Ad
841 1818 1014 1848 carmen
1033 1804 1070 1849 0
1090 1806 1146 1857 X,
1181 1805 1255 1848 ubi
1283 1805 1522 1859 frequentia
1551 1808 1642 1850 exi-

134 1880 255 1918 tuum
293 1873 639 1930 imperfectorum
676 1873 861 1916 maxima
902 1878 991 1928 est,
1040 1872 1252 1928 Bergkius
1294 1873 1402 1916 haec
1443 1872 1636 1918 adnotat:

137 1962 152 1981 υ
166 1944 364 1987 Ceterum
394 1941 584 1985 notabile
613 1946 680 1984 est
707 1941 786 1984 hoc
815 1954 985 1985 carmen
1014 1941 1157 1984 brevis
1186 1942 1380 1997 syllabae
1403 1941 1643 1996 frequentia

134 2011 181 2053 in
210 2023 338 2053 versu
366 2009 613 2063 novissimo,
649 2009 762 2063 quod
791 2008 959 2052 videtur
985 2022 1070 2052 non
1098 2021 1202 2052 casu
1231 2008 1404 2063 factum,
1439 2009 1515 2053 sed
1539 2011 1642 2054 artis

134 2091 259 2122 esse:
314 2077 367 2121 cf.
403 2078 508 2121 Mar.
544 2077 654 2120 Vict.
687 2077 709 2118 Ι
742 2079 806 2119 17.
842 2079 916 2119 24:
978 2079 1101 2120 ‘nam
1138 2077 1415 2120 Aristoxenus
1454 2079 1641 2122 musicus

133 2146 240 2189 dicit
266 2146 419 2189 breves
449 2145 601 2187 finales
629 2144 675 2186 in
704 2145 862 2199 metris,
897 2144 934 2187 si
964 2145 1225 2188 collectiores
1255 2145 1351 2199 sint,
1386 2158 1436 2188 eo
1458 2146 1641 2202 aptiores

135 2213 396 2270 separationi
424 2225 576 2257 versus
605 2220 634 2256 a:
662 2217 865 2267 sequente
893 2224 1019 2257 versu
1047 2212 1160 2257 fieri:
1196 2212 1437 2268 idcircoque
1455 2214 1501 2257 in
1521 2219 1641 2258 sexta

134 2282 239 2325 sede
279 2281 484 2336 (trimetri)
529 2281 775 2337 trisyllabos
813 2280 951 2335 figura
987 2294 1072 2324 non
1108 2281 1298 2337 ponitur,
1342 2281 1443 2336 quia
1481 2294 1640 2325 moram

134 2351 284 2394 habet:
331 2354 376 2392 at
405 2354 550 2393 contra
579 2349 817 2404 disyllabos
845 2349 1069 2393 familiaris
1098 2353 1187 2403 est,
1221 2349 1322 2404 quia
1352 2350 1535 2393 celerius
1566 2350 1642 2394 de-

132 2418 249 2472 sinit,
285 2422 328 2461 et
347 2431 397 2461 eo
417 2417 570 2472 magis,
606 2417 643 2460 si
663 2417 937 2473 posteriorem
958 2417 1169 2474 syllabam
1188 2417 1362 2461 brevem
1381 2417 1637 2462 habuerit’«.

135 2487 200 2529 Ex
230 2486 385 2541 quibus
412 2485 458 2529 id
486 2484 719 2529 tenendum
749 2490 835 2539 est,
879 2486 1112 2541 longiorem
1149 2485 1330 2540 figuram
1365 2486 1411 2528 in
1444 2486 1529 2530 fine
1558 2500 1641 2530 non

135 2554 258 2610 poni,
307 2554 409 2609 quia
451 2549 632 2597 moramx
656 2552 827 2596 habeat.
899 2554 1065 2597 Revera
1102 2565 1182 2597 nec
1218 2565 1367 2597 versus
1406 2553 1640 2611 dactylicus

133 2623 253 2665 exire
282 2627 421 2678 potest
448 2622 494 2665 in
523 2621 763 2677 dactylum,
805 2634 943 2676 neque
981 2633 1131 2665 versus
1166 2621 1374 2665 iambicus
1413 2622 1458 2665 in
1487 2623 1640 2666 tribra-

130 2690 260 2745 chyn.
324 2690 516 2734 Similem
546 2694 689 2733 autem
718 2689 921 2733 rationem
952 2702 1048 2733 esse
1078 2689 1268 2734 exituum
1298 2690 1637 2745 imperfectorum
