1751 3147
712 135 769 141 —
832 112 944 165 [235]
1006 136 1061 141 —
1585 111 1645 152 33

250 330 342 373 στρ.
371 315 409 359 α’
444 314 606 365 αἰῶνος
638 314 641 371 Ι
675 310 816 371 ἀκρᾶν
844 313 1088 369 βαθμίδων
1118 311 1209 356 ἄπο

250 398 346 426 αντ.
371 382 411 425 α’
445 380 690 438 ὀφθαλμὸς
722 383 727 437 Ι
760 381 1045 424 αἰδοιότατον
1074 385 1206 437 γέρας

251 458 344 508 στρ.
368 449 407 506 β’
447 446 640 506 ἄμειψεν
673 449 676 505 Ι
711 447 758 494 ἐν
787 447 1056 494 κοιλόπεδον
1083 447 1230 500 νάπος

249 535 345 562 αντ.
368 518 408 571 β’
446 523 680 571 μναμεῖον.
716 518 720 572 Ι
756 517 804 560 ἐν
832 517 1164 573 τεσσαράκοντα
1195 515 1279 571 γάρ

249 601 344 642 στρ.
369 584 405 641 γ’
448 593 682 639 μαντεῖον·
719 584 723 641 Ι
757 577 792 641 ᾧ
821 585 897 628 καὶ
924 583 1239 638 Λακεδαίμονι

250 670 346 696 αντ.
370 652 407 708 γ’
451 656 642 709 Καρνεῑέ
673 653 677 708 Ι
711 649 757 694 σ’
793 651 841 696 ἐν
871 652 990 694 δαιτὶ
1019 651 1256 705 σεβίζομεν

249 735 345 778 στρ.
370 720 405 763 δ’
448 720 698 778 ῥανθεῖσαν
730 721 734 777 Ι
765 716 919 774 ὓμνων
948 717 1038 762 ὑπὸ
1068 718 1287 774 χεύμασιν

250 805 346 832 αντ.
371 788 406 832 δ’
448 787 653 844 γλῶσσάν
682 803 752 831 τε·
790 790 794 844 Ι
827 787 1002 843 θάρσος
1032 788 1081 831 δὲ
1111 787 1387 844 τανύπτερος

136 881 237 923 Post
265 880 432 923 tertiam
463 880 676 935 syllabam
705 879 915 922 Pindarus
949 889 1168 923 caesuram
1197 879 1423 922 retinuisse
1453 878 1637 931 videtur,

136 960 270 1001 aeque
299 953 425 1002 atque
454 948 498 989 in
528 947 677 990 eodem
707 948 893 989 carmine
924 952 998 989 str.
1033 941 1071 987 4‘

742 1023 1021 1083 ώυῲυξέ

136 1127 208 1169 ubi
237 1126 290 1170 de
321 1126 528 1170 divisione
542 1125 703 1170 ‘versus
734 1116 925 1182 quaestio
955 1139 1051 1170 esse
1080 1139 1164 1169 non
1193 1131 1354 1182 potest,
1388 1130 1482 1182 post
1511 1139 1638 1181 quar-

95 1202 105 1215 ‘
135 1202 221 1237 tam
254 1197 465 1250 syllabam
498 1196 657 1251 septies
688 1208 865 1238 caesura
895 1195 1008 1238 facta
1038 1201 1103 1238 est
1131 1196 1175 1237 in
1206 1200 1296 1238 octo
1326 1195 1523 1250 strophis.
1578 1196 1640 1237 Il—

136 1263 210 1305 lud
239 1276 405 1318 quoque
435 1264 658 1306 memorari
687 1263 851 1317 attinet,
885 1263 931 1305 in
961 1263 1134 1319 stropha
1153 1261 1193 1317 β’
1225 1262 1409 1306 Pindaro
1438 1263 1482 1305 in
1502 1263 1638 1306 altera

134 1331 304 1385 syllaba
333 1331 640 1386 diphthongum
671 1347 711 1373 ει
748 1331 793 1373 in
825 1327 1017 1386 ἄμειψεν
1057 1332 1307 1385 occurrisse,
1352 1345 1461 1385 quae
1496 1336 1638 1374 tanto-

132 1412 233 1454 pere
273 1400 312 1443 ei
349 1400 524 1455 placuit,
571 1404 617 1442 ut
645 1399 689 1442 in
720 1404 916 1453 quattuor
945 1413 1054 1455 quae
1087 1405 1318 1454 sequuntur
1348 1400 1532 1455 strophis
1563 1413 1637 1442 ea-

133 1467 228 1509 dem
260 1467 523 1521 diphthongo
552 1468 597 1509 in
627 1468 777 1510 eadem
808 1468 909 1510 sede
940 1472 1142 1510 uteretur.
1196 1468 1290 1518 Qua
1319 1468 1372 1510 de
1402 1481 1533 1510 causa
1552 1481 1637 1509 non

132 1535 340 1578 assentior
369 1535 576 1590 Bergkio,
623 1536 694 1590 qui
734 1535 890 1578 formas
920 1535 1104 1578 aeolicae
1135 1539 1340 1591 μναμῇον
1370 1541 1412 1578 et
1440 1539 1639 1591 μαντῇον

135 1617 186 1645 ex
218 1603 363 1645 formis
394 1603 543 1646 ionicis
573 1603 740 1646 traditis
770 1603 992 1660 μνημήϊον
1022 1609 1064 1647 et
1093 1603 1308 1660 μαντήϊον
1339 1604 1499 1646 elicuit.
1563 1604 1636 1645 Li-

133 1675 200 1713 cet
228 1675 370 1723 autem
401 1671 608 1726 suspicari
630 1671 786 1713 formas
806 1671 969 1714 ionicas
989 1672 1050 1714 ita
1069 1671 1305 1726 irrepsisse,
1341 1676 1387 1713 ut
1405 1672 1449 1713 in
1472 1687 1567 1713 αντ.
1591 1670 1631 1723 β’

130 1739 232 1781 vitio
262 1743 351 1781 orto
382 1746 577 1793 μναμεῖα
616 1739 757 1781 hiatus
798 1739 1043 1782 removendi
1083 1744 1125 1781 et
1164 1739 1286 1782 metri
1315 1739 1635 1793 redintegrandi

132 1821 261 1851 causa
305 1808 558 1850 scriberetur
600 1804 788 1864 μναμήϊ’
833 1806 880 1850 ἐν
916 1809 1007 1850 κτλ.
1060 1809 1140 1861 (vel
1180 1804 1367 1864 μνημήῗ
1411 1807 1471 1861 ἐν)
1521 1808 1635 1862 quod

131 1876 335 1931 praebent
364 1875 530 1919 codices
560 1876 744 1918 DEFH
773 1880 816 1919 et
845 1876 1028 1930 scholia,
1072 1880 1160 1919 tum
1191 1881 1331 1919 autem
1362 1875 1539 1927 formam
1570 1876 1632 1918 io-

130 1947 267 1988 nicam
297 1946 461 1988 illatam
493 1959 588 1987 esse
617 1946 661 1987 in
692 1959 764 1988 eos
793 1959 958 1999 quoque
990 1946 1131 1998 libros,
1169 1946 1242 1998 qui
1263 1940 1524 1988 retinuerant
1544 1946 1632 1987 sin-

130 2015 343 2068 gularem,
388 2014 529 2068 itaque
569 2014 656 2068 legi
683 2014 728 2056 in
758 2014 877 2057 libris
908 2014 1165 2064 BCPQRS
1196 2018 1275 2056 etc.
1309 2012 1533 2070 μναμήῑον
1563 2015 1633 2056 vel

129 2081 362 2139 μνημήιον.
426 2081 696 2136 Singularem
733 2086 874 2124 autem
903 2081 1134 2136 genuinum
1165 2094 1259 2124 esse
1289 2095 1372 2123 non
1402 2082 1626 2137 pluralem,

131 2163 386 2203 quamquam
426 2154 600 2203 uterque
640 2150 873 2192 sententiae
914 2155 1038 2204 aptus
1070 2155 1156 2202 est,
1203 2163 1251 2191 eo
1282 2163 1447 2203 quoque
1476 2151 1634 2205 proba-

129 2218 215 2261 bile
236 2222 315 2271 est,
351 2217 463 2271 quod
494 2217 721 2273 singularis
751 2230 950 2260 numerus
979 2217 1261 2270 assonantiae,
1297 2231 1381 2272 qua
1401 2217 1630 2260 Pindarum

130 2287 317 2341 gaudere
356 2287 435 2329 hoc
474 2287 565 2329 loco
602 2287 810 2340 vidimus,
859 2287 997 2341 magis
1038 2286 1266 2339 satisfacit,
1316 2300 1415 2329 nam
1460 2288 1633 2342 stropha

130 2355 320 2409 proxima
355 2355 484 2397 habet
519 2362 749 2408 μαντεῖονε
792 2346 1057 2409 ᾳιιαιιίᾳααω
1086 2366 1233 2396 vereor
1269 2367 1322 2396 ne
1362 2354 1633 2397 assonantiae

130 2423 302 2466 nimium
333 2423 532 2467 tribuisse
560 2423 775 2466 nonnullis
805 2423 907 2465 viris
938 2422 1072 2465 doctis
1102 2421 1263 2465 videar.

245 2525 311 2578 22)
348 2525 374 2567 Ῑ
404 2525 484 2567 VII
520 2526 604 2580 (VI)
642 2527 710 2567 33.
773 2515 1059 2559 έυυι-ιζὲ

768 2600 1049 2660 Ἀμφιάρηόν
1078 2618 1123 2644 τε

244 2681 308 2723 Ex
338 2682 415 2724 hoc
446 2697 572 2726 versu
593 2684 805 2739 Bergkius
836 2683 994 2726 exitum
1023 2683 1316 2739 imperfectum
1347 2684 1511 2740 expulit
1540 2697 1631 2726 me-

1131 2763 1133 2765 ·
1336 2755 1354 2784 3
