1751 3147
700 164 751 169 —
818 141 928 192 [257]
990 164 1047 170 -
1567 133 1624 183 55

123 264 303 308 alterum
332 278 461 308 unum
489 265 571 320 (ep.
594 265 654 319 4),
689 262 869 306 alterum
899 262 1003 306 duos
1030 264 1112 319 (ep.
1137 267 1176 317 4,
1204 265 1242 318 7)
1279 263 1418 308 exitus
1453 264 1623 308 femini-

85 346 94 350 ·
123 344 200 374 nos
244 332 450 388 continet,
500 331 572 387 qui
617 334 855 374 constanter
896 331 943 373 in
985 331 1155 386 longam
1195 331 1408 387 syllabam
1448 339 1618 376 exeunt.

123 399 311 457 Apparet
338 400 468 457 igitur
495 399 539 443 in
569 397 753 443 exitibus
777 398 992 442 femininis
1011 398 1121 442 illud
1140 398 1363 449 artificium
1382 400 1522 444 exitus
1540 401 1622 445 im-

121 467 299 523 perfecti
326 467 542 512 rarissime
582 466 855 521 (carminibus
884 467 1038 521 quibus
1067 466 1280 510 admissus
1310 473 1399 523 est,
1442 467 1478 513 0
1507 470 1550 511 H
1579 474 1624 512 et

123 535 150 579 Ι
178 536 296 591 VIII,
318 550 383 603 xea
411 548 576 591 quoque
606 533 881 589 singularitas
911 534 1143 578 communis
1174 539 1260 589 est,
1295 535 1408 590 quod
1436 550 1622 592 paeones

123 604 334 647 admixtos
353 604 514 647 habent
531 601 763 656 logaoedis)
799 602 844 644 in
873 602 989 645 exitu
1018 601 1220 645 feminino
1249 602 1483 646 adhibitum
1505 616 1617 647 esse.

122 670 253 715 Cuius
291 671 354 714 rei
389 683 519 724 cansa
555 683 609 713 ex
647 668 834 725 rhythmi
866 674 1018 712 natura
1046 683 1129 713 non
1158 669 1441 726 intellegitur,
1486 670 1523 714 si
1553 672 1620 715 ul-

119 738 264 781 timam
302 739 511 795 syllabam
551 736 667 780 arsin
705 749 801 779 esse
839 741 1061 793 putamus3
1104 751 1203 780 nam
1236 742 1325 781 tum
1354 737 1399 780 in
1428 739 1623 782 omnibus

119 806 328 861 rhythmis
365 806 535 862 generis
575 804 747 860 diplasii
785 805 969 848 brevem
993 805 1203 861 syllabam
1239 805 1284 848 in
1328 806 1431 849 sede
1473 820 1619 850 arseos

120 872 294 917 ultimae
324 878 644 929 expectaremus
673 871 906 926 legitimam
937 884 1046 926 esse,
1081 872 1191 916 sicut
1217 872 1349 927 longa
1377 872 1527 916 ultima
1556 874 1620 916 le-

118 941 268 996 gitima
297 946 381 996 est,
427 941 464 984 si
500 952 649 983 versus
680 939 767 982 exit
794 940 839 982 in
868 940 1024 983 thesin.
1085 940 1204 983 Haec
1233 940 1464 984 difficultas
1493 941 1621 984 aliter

118 1008 226 1052 solvi
263 1022 347 1052 non
384 1013 523 1065 potest
550 1008 633 1051 nisi
663 1007 821 1050 exitum
850 1006 1098 1050 femininum
1128 1020 1345 1050 sumamus
1367 1008 1616 1069 ⁹rhythmum

118 1076 276 1120 habere
306 1089 416 1131 eum,
451 1081 498 1119 ut
525 1074 788 1132 paenultima
817 1074 986 1131 syllaba
1014 1074 1193 1118 artificio
1223 1079 1354 1132 τονῆς
1381 1088 1511 1119 unum
1540 1089 1624 1131 pe-.

118 1143 213 1187 dem
244 1148 376 1187 totum
406 1144 591 1199 expleat,
625 1142 774 1186 ultima
802 1156 902 1186 vero
932 1143 1102 1221 syllaba
1129 1143 1271 1187 thesin
1300 1142 1470 1195 efficiat,

939 1212 954 1232 7
1009 1222 1042 1240 υ

802 1233 1040 1256 -υ·--

117 1291 254 1343 Quam
299 1290 533 1333 clausulam
577 1290 710 1333 multo
753 1289 893 1345 magis
937 1289 1151 1345 placidam
1196 1294 1237 1332 et
1284 1289 1469 1344 quietam
1521 1302 1617 1333 esse
1669 1336 1674 1340 ,

115 1372 240 1412 quam
270 1358 547 1401 masculinam

744 1470 753 1479 ·
820 1470 828 1479 ⁸
851 1437 883 1467 L
902 1449 935 1468 υ
955 1415 987 1466 έ

124 1505 232 1560 (ideo
261 1505 465 1548 feminina
494 1505 538 1547 in
567 1504 650 1548 fine
681 1505 864 1548 maxime
894 1504 1159 1560 stropharum
1189 1504 1367 1560 ponitur)
1413 1509 1455 1547 et
1483 1505 1616 1547 multo

116 1573 254 1616 minus
282 1573 359 1615 illa
389 1572 560 1616 citatum
589 1572 711 1616 illum
740 1572 898 1616 exitum
926 1572 1221 1628 imperfectum
1252 1572 1362 1616 ferre
1392 1573 1545 1616 elucet.

228 1639 424 1684 Secunda
463 1644 605 1684 autem
644 1640 889 1696 quaestione
928 1653 1098 1696 prorsus
1137 1640 1306 1684 diversa
1349 1639 1613 1696 disquirendi

116 1709 186 1750 via
214 1708 425 1762 progressi
455 1708 634 1751 eandem
657 1720 897 1752 mensuram
919 1708 1108 1750 exituum
1128 1708 1420 1750 femininorum
1441 1708 1487 1749 in
1505 1712 1614 1749 stro-

113 1774 209 1830 phis
237 1774 391 1817 doricis
419 1774 708 1830 probabimus.

228 1909 423 1965 [Reliqua
449 1909 494 1953 in
524 1910 868 1956 dissertationum
900 1911 1251 1967 philologicarum
1280 1912 1611 1966 Argentoraten-

112 1978 219 2022 sium
248 1977 459 2021 volumine
488 1978 548 2021 IV
576 1978 737 2039 publici
765 1979 869 2023 iuris
898 1978 1032 2035 fient.]
