1751 3147
111 124 135 164 8
683 146 750 169 —.
803 122 915 176 [210]
979 146 1033 152 -

107 247 248 303 fieret,
292 260 401 302 quae
439 251 514 290 aut
551 260 685 303 pausa
723 250 798 290 aut
826 247 913 290 arsi
942 247 1135 303 sequenti
1166 248 1308 291 versui
1336 246 1526 303 praefixa
1554 247 1610 290 ad

107 316 234 359 unius
263 316 387 372 pedis
417 329 656 360 mensuram
687 316 979 371 compleretur.
1033 316 1155 368 Quod
1184 317 1276 360 loco
1306 315 1431 359 citato
1461 315 1508 357 fit
1532 315 1611 358 hoc

108 384 232 429 modo
245 402 252 428 :

416 547 446 552 -
468 522 654 553 LLLL

107 605 154 643 ut
192 601 330 644 colum
371 605 566 656 quattuor
602 600 756 657 pedum
796 600 1130 656 comprehendat
1167 602 1325 645 exitum
1365 606 1408 645 et
1444 601 1609 644 initium

106 682 305 713 versuum

609 728 1016 783 geu-'wd-Q
1048 748 1052 805 Ι
1085 774 1114 779 .-

107 831 258 883 Neque
286 830 532 884 ignoramus
562 842 729 885 semper
754 830 937 873 futurum
957 829 1119 884 aliquid
1137 830 1182 872 in
1202 830 1280 873 hoc
1300 835 1466 885 conatu,
1500 831 1611 885 quod

107 897 354 940 fastidiosos
383 897 488 940 artis
518 896 770 940 Pindaricae
799 897 1094 940 aestimatores
1125 898 1327 941 offendat.

221 967 272 1008 In
300 965 454 1009 ictibus
485 964 789 1008 distribuendis
818 965 924 1007 nihil
953 979 1111 1008 novare
1141 965 1375 1018 voluimus⁷
1411 966 1486 1008 sed
1516 980 1608 1008 cum

107 1034 304 1077 omnibus
342 1033 574 1077 editoribus
610 1032 782 1076 Pindari
820 1033 865 1076 in
906 1032 1090 1089 strophis
1129 1033 1282 1077 doricis
1321 1033 1610 1077 describendis

106 1104 193 1147 ictu
234 1103 476 1147 notabimus
514 1103 693 1159 primam
730 1102 871 1146 thesin
909 1102 1004 1146 coli.
1067 1104 1235 1146 Revera
1264 1107 1404 1147 autem
1433 1103 1478 1146 in
1507 1103 1609 1147 colis

107 1172 331 1228 dactylicis
367 1176 410 1215 et
444 1170 669 1215 trochaicis
700 1171 879 1227 primam
909 1171 1051 1215 thesin
1080 1171 1354 1215 fortissimum
1383 1172 1512 1215 ictum
1542 1186 1610 1215 re-

107 1241 273 1297 cepisse
304 1254 381 1296 pro
411 1244 524 1283 certo
553 1254 638 1283 non
668 1243 845 1295 constat,
881 1239 958 1283 sed
987 1241 1077 1283 veri
1106 1240 1245 1283 simile
1266 1244 1344 1283 est.
1396 1240 1608 1284 Discimus

107 1309 220 1351 enim
250 1322 303 1351 ex
333 1308 622 1363 grammaticis
651 1308 810 1362 latinis,
846 1308 916 1361 qui
942 1308 1164 1350 Heliodori
1193 1308 1425 1350 doctrinam
1454 1321 1609 1362 propa-

106 1380 224 1431 gant,
258 1376 302 1419 in
330 1375 519 1419 trimetro
548 1375 744 1430 iambico⁷
779 1376 851 1431 qui
880 1380 1046 1419 constat
1075 1390 1129 1419 ex
1158 1376 1293 1420 tribus
1323 1375 1511 1431 syzygiis
1541 1376 1608 1418 vel

105 1444 289 1500 pedibus
321 1443 575 1500 duplicibus,
610 1444 803 1487 fortiores
832 1443 942 1487 ictus
973 1444 1179 1488 cecidisse
1199 1445 1439 1488 inalteram
1459 1457 1609 1499 quam-

107 1527 189 1567 que
221 1513 493 1569 syzygiarum
524 1512 678 1565 thesin,
713 1513 740 1554 i.
767 1526 806 1555 e.
839 1512 883 1554 in
914 1512 1048 1567 pedes
1078 1525 1226 1555 versus
1256 1513 1449 1566 alterum,
1484 1526 1609 1567 quar-

106 1586 208 1637 tum,
243 1586 433 1626 sextum:

516 1661 717 1715 υ-υᾴ,
752 1662 953 1715 υ-υ-’,
988 1641 1192 1703 υ-υέ.

106 1742 297 1798 Syzygia
335 1741 465 1797 igitur
504 1741 613 1784 ictus
651 1740 905 1783 scandentes
944 1740 1074 1783 habet
1107 1738 1154 1792 (U
1173 1745 1202 1772 ὲ
1222 1750 1256 1771 v
1274 1741 1346 1795 —')‚
1397 1741 1504 1783 sicut
1533 1754 1609 1796 pes

105 1810 288 1865 simplex
319 1810 373 1852 ab
403 1810 489 1852 arsi
519 1809 575 1852 ad
604 1809 743 1852 thesin
773 1809 1042 1864 progreditur
1078 1809 1124 1862 (υ
1142 1809 1204 1863 -’).
1269 1808 1428 1859 Quodsi
1459 1809 1607 1851 eadem

105 1877 307 1933 analogia
346 1881 411 1920 est
449 1877 493 1920 in
533 1877 629 1920 aliis
668 1876 812 1920 metris
849 1876 960 1920 inter
995 1875 1130 1933 pedes
1160 1875 1378 1931 simplices
1408 1880 1450 1920 et
1477 1876 1608 1932 pedes

105 1946 360 2002 compositos
389 1946 419 1988 i.
445 1960 484 1989 e.
516 1947 631 2001 cola,
676 1946 769 1989 cola
798 1945 1010 2001 dactylica
1040 1949 1083 1988 et
1111 1945 1324 1987 trochaica
1351 1945 1502 1988 ictibus
1533 1946 1609 1988 de—

105 2013 407 2058 scendentibus
437 2014 709 2069 insignienda
740 2018 848 2067 sunt,
882 2013 984 2072 ,quia
1013 2025 1091 2069 pes
1123 2012 1360 2068 dactylicus
1393 2013 1433 2067 (—'
1452 2015 1530 2068 vv)
1567 2017 1608 2056 et

104 2095 182 2138 pes
212 2081 451 2125 trochaicus
488 2082 530 2137 (—'
551 2084 596 2136 υ)
631 2096 658 2124 a
687 2082 799 2125 thesi
827 2082 884 2124 ad
913 2081 1028 2124 arsin
1059 2080 1400 2135 progrediuntur.

218 2149 342 2202 Quod
381 2153 524 2193 autem
554 2150 845 2206 Westphalius
892 2149 983 2205 (Die
1012 2149 1269 2204 Fragmente
1298 2162 1339 2190 u.
1375 2148 1444 2191 die
1475 2149 1608 2191 Lehr-

103 2222 219 2261 satze
260 2218 337 2262 der
375 2218 671 2273 griechischen
706 2218 988 2274 Rhythmiker
1016 2231 1058 2273 p.
1088 2218 1180 2271 180)
1225 2216 1333 2259 ictus
1371 2216 1607 2261 hexametri

102 2287 302 2344 dactylici
333 2287 414 2331 hoc
443 2286 567 2330 modo
597 2286 912 2331 distribuendos
942 2299 1038 2330 esse
1068 2289 1230 2330 censet:
1262 2344 1264 2346 V

474 2366 1236 2399 ama-'Wfflwgw-‘wffl-

101 2436 243 2481 verbis
279 2436 402 2480 Marii
430 2435 635 2479 Victorini
678 2436 729 2492 (p.
766 2436 920 2490 2515):
963 2433 1147 2478 »herous
1187 2432 1232 2476 in
1272 2432 1380 2476 duas
1417 2433 1607 2477 caeditur

102 2509 265 2561 parteS,
302 2503 680 2559 penthemimerem
711 2508 752 2547 ct
780 2502 1237 2559 hephthemimerem«,
1283 2501 1462 2555 abusus,
1498 2515 1606 2556 quae

103 2573 157 2615 de
189 2585 380 2625 caesura,
416 2585 500 2614 non
530 2571 585 2615 de
615 2572 769 2615 ictibus
800 2572 913 2614 dicta
943 2575 1054 2625 sunt,
1089 2569 1259 2625 probari
1288 2569 1447 2623 nequit.
1495 2570 1605 2612 Nam

100 2641 213 2696 quod
233 2640 288 2683 ad
308 2640 514 2683 rationem
537 2652 656 2683 suam
679 2640 1007 2685 confirmandam
1029 2637 1200 2695 profert,
1231 2637 1311 2681 hac
1331 2638 1605 2694 percussione

100 2711 244 2755 theses
283 2714 382 2755 ante
422 2722 643 2754 caesuram
675 2714 716 2753 et
746 2714 845 2753 ante
875 2709 1002 2753 finem
1033 2719 1180 2751 versus
1219 2705 1468 2751 fortissimos
1496 2706 1605 2752 ictus

814 2877 843 2910 ’ἵ
