1751 3147
115 143 170 185 36
695 168 751 174 -
816 135 928 199 [238]
991 168 1047 174 -

116 268 230 323 Apta
259 273 325 311 est
353 269 462 311 haec
489 281 692 312 mensura
720 282 771 312 eo
800 281 990 325 quoque,
1030 268 1144 324 quod
1173 269 1343 324 syllaba
1371 268 1471 323 illa,
1516 282 1628 323 quae

118 335 162 378 in
192 335 388 379 omnibus
418 335 568 393 epodis
598 337 648 379 ἒῖι
677 335 942 393 diphthongo
962 335 1156 391 efficitur,
1192 336 1250 380 ad
1269 335 1394 380 trium
1413 349 1624 379 morarum

115 408 284 459 tempus
315 404 572 447 extenditur.
634 404 794 447 Versus
825 404 1023 460 strophae
1043 399 1215 459 quintus
1233 405 1409 461 praebet
1429 404 1627 459 exempla

117 471 255 514 ultimi
285 471 408 527 pedis
438 471 518 515 coli
551 471 789 528 spondaici,
824 484 950 527 quem
979 476 1125 515 nostra
1145 485 1344 516 mensura
1363 471 1622 528 recepimus:

332 551 1412 582 έ--υυ-υ-...ᾼυυ-υ-υέυ-ψυὲ

233 631 285 670 23
318 636 360 673 et
391 632 458 684 24)
495 630 522 673 I
551 630 655 673 VIII
691 631 797 685 (VII)
839 633 902 683 11,
939 632 988 671 61

289 712 383 753 στρ.
408 696 449 751 β’
478 702 491 739 1
535 694 788 752 ἀτόλματον
812 694 989 740 Ἑλλάδι
1018 696 1211 751 μόχθον.
1258 693 1371 740 ἄλλά

290 779 384 822 στρ.
412 764 446 818 ζ’
479 769 497 806 1
534 763 583 808 τὸ
615 766 692 808 καὶ
720 760 803 809 νῦν
833 768 962 822 φέρει
991 763 1138 821 λόγον,
1174 763 1359 808 ἔσσυταί
1388 781 1434 807 τε

231 833 393 877 Versus
430 833 594 890 primus
636 833 833 890 strophae
874 846 968 876 cum
1009 833 1142 876 altero
1182 832 1501 889 coniungendus
1545 838 1624 887 est,

123 901 308 944 maxime
337 901 456 955 ideo,
501 901 614 956 quod
644 905 741 956 post
770 897 883 942 ἀλλά
913 901 1102 954 sequitur
1130 913 1359 955 pronomen
1389 901 1629 944 encliticum

120 971 199 1020 μοί
229 974 272 1012 et
300 969 412 1025 quod
443 984 538 1024 στρ.
564 967 600 1011 δ’
627 972 643 1009 1
682 969 770 1012 exit
795 969 840 1010 in
869 969 1121 1024 particulam
1152 968 1201 1011 δέ
1222 968 1380 1012 elisam

278 1035 379 1079 ἐπεὶ
408 1035 658 1094 θεσφάτων
690 1034 973 1078 ἐπάκουσαν·
1007 1032 1108 1078 εἶπε
1140 1032 1186 1078 δ’
1222 1036 1226 1091 Ι
1259 1032 1471 1090 εὔβουλος

122 1115 319 1159 Lectione
349 1116 507 1159 tradita
536 1130 621 1159 non
651 1116 882 1171 impeditur
912 1116 1148 1159 coniunctio
1177 1116 1222 1158 in
1250 1115 1318 1158 his
1344 1116 1555 1171 strophis:

370 1195 1366 1228 υᾴ-ψ-ψυ-υ-υι--ὐ-υ-υυὲ

204 1275 299 1317 στρ.
326 1261 364 1303 α’
399 1261 642 1318 Κλεάνδρῳ
673 1278 740 1311 τις
771 1258 921 1317 ἁλικίᾳ
951 1277 997 1303 τε
1029 1261 1190 1316 λύτρον
1220 1258 1416 1314 εὔδοξον,
1453 1254 1486 1301 ὦ
1514 1263 1622 1314 νέοι,

664 1328 878 1384 καμάτων

206 1411 299 1453 στρ.
325 1396 365 1450 β’
401 1394 654 1451 ἀτόλματον
679 1393 855 1439 Ἑλλάδι
885 1395 1079 1450 μόχθον.
1121 1392 1221 1437 ἀλλ’
1257 1395 1355 1450 ἐμοὶ
1386 1395 1515 1449 δεῖμα
1546 1396 1630 1448 μὲν

666 1468 1010 1522 παροιχομένων

205 1547 299 1587 στρ.
326 1532 361 1574 δ’
397 1532 495 1575 ἐπεὶ
526 1531 776 1588 θεσφάτων
807 1531 1090 1574 ἐπάκουσαν·
1131 1528 1229 1573 εἶπε
1261 1528 1305 1572 δ’
1339 1528 1551 1584 εὔβουλος
1582 1530 1630 1573 ἐν

667 1604 845 1654 μέσοισι
878 1602 1015 1654 Θέμις

208 1682 301 1723 στρ.
331 1666 364 1719 ζ’
403 1666 451 1709 τὸ
485 1669 559 1709 καὶ
579 1673 661 1711 νῦν
682 1672 811 1724 φέρει
831 1667 965 1723 λόγον
986 1667 1170 1709 ἔσσυταί
1189 1683 1234 1708 τε
1258 1670 1487 1708 Μοισαῖον
1508 1663 1627 1721 ἅρμα

672 1737 914 1785 Νικοκλέος

117 1804 169 1844 In
210 1803 384 1858 stropha
415 1802 446 1844 ε’
480 1816 628 1845 versus
670 1804 904 1846 restituitur
940 1802 1164 1845 scribendo
1203 1798 1318 1844 εὐθύ
1355 1816 1432 1856 pro
1463 1798 1624 1850 εὐθύςι

119 1869 280 1914 ἰόντων
318 1866 360 1913 δ’
396 1870 440 1921 ἐς
482 1867 683 1927 ἄφθιτον
719 1868 882 1927 ἄντρον
913 1866 1029 1913 εὐθὺ
1058 1872 1288 1926 Χείρωνος
1320 1865 1465 1911 αὐτίκ’
1501 1865 1630 1924 ἅγγε-

118 1939 233 1992 λίαι,
279 1939 394 1993 quod
433 1940 560 1982 facile
600 1939 663 1992 fit,
709 1953 807 1982 nam
846 1939 1057 1982 sententia
1087 1939 1261 1992 localis,
1306 1951 1415 1992 quae
1443 1938 1556 1980 inest
1583 1937 1629 1979 in

119 2001 250 2061 εὐθύ,
286 2007 385 2050 huic
415 2008 506 2051 loco
537 2021 674 2062 aeque
703 2012 805 2063 apta
826 2012 891 2050 est
920 2020 972 2050 ac
993 2007 1202 2050 sententia
1222 2006 1480 2061 temporalis,
1518 2019 1627 2060 quae

117 2075 231 2117 inest
259 2075 303 2116 in
334 2070 488 2125 εὐθύς.
541 2075 591 2117 In
622 2075 798 2130 stropha
828 2073 864 2129 γ’
897 2087 972 2130 pro
1001 2074 1203 2117 librorum
1236 2071 1422 2128 ἐνεγκὼν
1442 2077 1629 2127 κοιμᾶτο

119 2143 433 2186 emendandum
464 2149 530 2186 est
559 2157 654 2185 cum
685 2143 870 2197 Bergkio
902 2146 1055 2198 φέρων
1086 2141 1314 2195 ἐκοιμᾶτοῑ

281 2210 330 2253 σὲ
362 2206 404 2253 δ’
441 2209 485 2261 ἐς
514 2215 655 2254 νᾶσον
689 2210 912 2254 Οἰνοπίαν
943 2213 1095 2267 φέρων
1126 2208 1348 2264 ἐκοιμᾶτο,
1386 2209 1483 2251 δῖον
1514 2207 1628 2251 ἔνθα

667 2282 789 2328 τέκες

118 2359 168 2401 In
199 2372 251 2401 ea
282 2372 391 2413 quae
422 2363 616 2414 superest
646 2358 818 2413 stropha
850 2357 902 2411 ς’,
938 2357 1011 2400 ubi
1040 2358 1244 2412 legimus:

366 2438 1234 2468 υᾴ-υ-υυ-.υ-ψῶ-ὐ-υ-
1262 2449 1374 2467 νυ..

284 2504 518 2562 γεφύρωσε
550 2503 593 2546 τ’
628 2501 899 2561 Ἀτρεΐδαισι
927 2503 1103 2558 νόστον,
1135 2500 1315 2547 Ἑλέναν
1344 2500 1386 2545 τ’
1422 2502 1623 2558 ἐλύσατο,

672 2573 847 2629 Τρῶΐας

120 2655 170 2684 eo
201 2641 309 2695 loco,
345 2654 427 2695 quo
457 2640 502 2683 in
532 2640 707 2695 reliquis
739 2634 924 2696 strophis
954 2639 1172 2682 trisemam
1203 2639 1373 2694 longam
1394 2640 1626 2695 posuimus,

119 2713 268 2752 extant
307 2708 418 2751 duae
458 2709 632 2761 breves,
678 2708 840 2763 priores
881 2707 1078 2762 syllabae
1106 2707 1227 2750 vocis
1252 2702 1443 2749 Ἑλέναν.
1506 2708 1634 2750 Vetat
