1751 3147
691 150 748 157 -
811 127 923 181 [225]
985 149 1040 157 -
1549 126 1619 166 ,23

229 252 295 295 Ab
315 252 496 295 Homero
527 251 697 305 quidem
728 251 863 294 forma
893 247 978 294 ἄνα
1009 264 1103 294 cum
1133 250 1424 293 interiectione
1455 242 1489 290 ὦ
1518 262 1618 292 con-

115 319 236 375 iungi
274 319 404 374 solet,
448 318 564 374 apud
602 317 786 373 tragicos
824 322 967 362 autem
1005 323 1049 361 et
1082 317 1263 362 comicos
1293 316 1453 361 Atticos
1483 315 1619 359 forma

116 387 333 430 sollemnis
364 390 429 429 est
459 377 590 436 ὦναξ.

814 545 910 600 ςῡ.

231 636 370 691 Saepe
399 631 537 678 exitus
565 635 838 691 imperfectus
868 641 983 679 ortus
1012 640 1078 679 est
1108 649 1160 679 ex
1191 634 1303 678 falsa
1331 648 1530 678 versuum
1551 635 1618 678 di-

118 704 281 746 visione
311 716 405 745 cum
435 703 539 745 alibi
567 708 657 745 tum
686 704 731 746 in
760 704 823 747 eis
854 703 1124 757 carminibus,
1159 716 1268 758 quae
1297 703 1496 757 quoniam
1521 704 1618 745 bre-

117 771 235 814 viora
265 775 376 825 sunt,
410 770 620 825 quomodo
650 771 695 814 in
723 784 873 815 versus
904 770 1143 814 dirimenda
1172 775 1328 822 essent,
1365 775 1476 813 certo
1505 770 1619 813 iudi-

117 838 203 881 cari
232 851 316 880 non
346 843 534 893 poterat:

231 930 268 983 7)
304 927 339 971 0
369 928 428 971 IV
461 932 498 970 1.
560 930 887 960 w-v—vh‘-

299 992 482 1054 Ἐλατὴρ
513 992 735 1053 ὑπέρτατε

228 1076 441 1131 Bergkius
472 1089 567 1118 cum
596 1089 765 1119 versum
795 1075 974 1131 primum
996 1087 1091 1118 esse
1111 1076 1242 1118 vellet
1260 1076 1385 1128 hunc,
1421 1075 1619 1118 discessit

116 1157 142 1185 a
172 1143 323 1186 ceteris
354 1143 608 1197 editoribus,
652 1144 725 1197 qui
758 1147 870 1186 recte
900 1143 1205 1186 constituerunt
1234 1155 1402 1186 versum
1434 1143 1616 1198 primum

116 1215 160 1253 et
186 1211 441 1266 parallelum
470 1223 638 1254 versum
674 1214 724 1252 10
754 1211 834 1253 hoc
862 1210 1007 1276 modo:

342 1289 1342 1324 ψυέυ-υυῑ-ᾴυυ-υυμ-ὐ-ψμ-

280 1364 461 1425 Ἐλατὴρ
491 1365 713 1425 ὑπέρτατε
742 1371 933 1425 βροντᾶς
964 1365 1337 1422 ἀκαμαντόποδος
1368 1372 1480 1410 Ζεῦ·
1521 1368 1618 1410 τεαὶ

659 1435 742 1493 γὰρ
774 1430 884 1493 ὧραι

283 1503 584 1563 χρονιώτατον
639 1504 757 1560 φάος
801 1501 1111 1561 εὐρυσθενέων
1157 1500 1330 1559 ἀρετᾶν.
1414 1502 1616 1556 Ψαύμιος

660 1571 743 1629 γὰρ
772 1572 859 1616 ἵκει

230 1664 267 1718 8)
305 1661 339 1706 ο
369 1663 429 1705 1v
460 1665 528 1705 21.
584 1700 586 1703 ,

579 1727 694 1787 ἅπερ
726 1732 974 1785 Κλυμένοιο
1006 1731 1149 1773 παῖδα

225 1810 292 1852 Ita
320 1822 446 1853 versu
476 1810 612 1866 primo
641 1810 769 1866 epodi
789 1809 986 1853 carminis
1006 1824 1136 1853 unum
1158 1814 1344 1866 systema
1363 1810 1615 1854 continentis

116 1878 341 1921 constituto
381 1891 525 1922 omnes
562 1878 747 1921 editores
777 1879 936 1921 exitum
964 1879 1257 1933 imperfectum
1287 1878 1497 1933 efficiunt,
1541 1880 1614 1933 qui

115 1957 165 1987 eo
193 1945 333 1988 minus
363 1945 597 2001 probabilis
627 1950 713 2000 est,
757 1945 868 2000 quod
898 1945 1024 1988 simul
1054 1946 1281 1989 femininus
1311 1951 1397 1999 est;
1442 1960 1540 1989 nam
1569 1946 1614 1988 in

119 2014 196 2054 108
227 2012 413 2056 exitibus
441 2013 724 2068 imperfectis,
759 2027 863 2068 quos
894 2015 1258 2068 enumeravimus,
1294 2016 1347 2056 24
1379 2015 1518 2058 exitus
1548 2015 1613 2057 fe-

113 2079 262 2123 minini
283 2084 393 2136 sunt,
429 2094 603 2136 quorum
633 2081 768 2124 maior
796 2093 897 2137 pars
927 2081 1099 2125 incerta.
1156 2082 1336 2126 Versum
1365 2086 1507 2127 autem
1536 2096 1614 2139 op-

84 2175 87 2176 ν
114 2148 262 2191 timum
293 2149 540 2203 efficiemus,
577 2150 614 2192 si
643 2150 963 2193 conexuerimus
992 2163 1140 2193 versus
1173 2154 1190 2190 1
1217 2155 1259 2193 et
1279 2152 1326 2191 2:

283 2229 1005 2263 υ-’ψυ-υ-υ-ὐυ-υμ-

286 2304 401 2362 ἅπερ
433 2308 682 2360 Κλυμένοιο
713 2308 856 2350 παῖδα
886 2306 1168 2360 Λαμνιάδων
1197 2312 1416 2361 γυναικῶν

228 2399 268 2450 9)
304 2395 339 2440 0
369 2397 429 2440 IV
460 2400 529 2439 26.

621 2458 750 2515 οὗτος
781 2463 865 2521 ἐγὼ
893 2468 1106 2518 ταχυτᾶτι

226 2542 401 2585 Prorsus
431 2543 581 2587 eodem
610 2543 736 2588 modo
764 2556 912 2587 versus
941 2544 1104 2599 longior
1134 2544 1448 2588 concinnandus
1478 2546 1566 2588 hic:

282 2621 1020 2658 έω-ω-υμ-ὐυ-υυ-

285 2693 417 2750 οὗτος
449 2700 532 2756 ἐγὼ
561 2707 774 2756 ταχυτᾶτι
801 2710 945 2759 χεῖρες
976 2702 1024 2745 δὲ
1053 2702 1128 2745 καὶ
1157 2695 1262 2759 ἦτορ
1293 2703 1393 2746 ἰ’σον
