1751 3147
136 125 190 169 32
713 151 770 158 -
833 128 946 180 [234]
1008 151 1065 158 .-

135 255 368 303 μναμεῑον,
403 250 513 294 alter
543 251 581 293 si
610 255 835 306 praeterea
864 264 959 295 cum
980 251 1165 295 Christio
1190 251 1372 294 relativo
1402 252 1539 295 forma
1554 253 1647 305 ,da-

135 321 203 359 tur
232 309 281 372 ᾦ,
345 316 626 365 scribendum
656 318 785 374 igitur

489 393 710 440 μναμεῑον
739 386 789 429 ἓν
817 386 1142 443 τεσσεράκοντα
1172 386 1256 443 γάρ

409 457 452 498 et
489 461 727 508 μαντεῖον·
752 446 797 510 ᾦ
825 454 901 497 καὶ
929 453 1245 510 Λακεδαίμονι

252 533 286 585 0)
323 546 420 573 αντ.
454 531 491 586 γ’
525 535 549 572 7
600 533 698 575 libri
735 533 897 576 habent
935 530 1122 589 Καρνεῖ’
1165 532 1214 576 ἐν
1251 533 1370 575 δαιτὶ
1409 532 1645 586 σεβίζομεν

138 597 212 640 11111
250 599 374 642 metri
412 595 553 643 causa
580 600 662 643 viri
701 600 814 644 docti
852 595 1035 644 eundem
1063 601 1290 645 ionismum
1318 601 1476 644 inferre
1505 600 1646 644 conati

137 669 236 707 sunt
264 662 476 722 Καρνήϊ’,
523 666 572 709 ἐν
612 667 730 709 δαιτὶ
771 667 1007 721 σεβίζομεν
1048 668 1094 710 111
1138 669 1388 723 cognomine
1432 667 1644 724 Apollinis

136 732 367 789 praecipue
404 733 606 777 dorico.
667 735 780 778 Vera
814 739 957 779 autem
972 735 1093 778 -mihi
1122 747 1218 779 esse
1247 735 1416 779 videtur
1443 735 1524 779 hoc
1552 735 1644 778 1000

137 801 379 844 emendatio
408 802 608 856 Bergkii,
651 803 688 845 si
726 803 858 846 verba
891 804 946 846 ab
976 817 1027 846 eo
1057 803 1286 846 constituta
1313 803 1358 846 in
1387 817 1516 846 unum
1547 817 1644 846 ver-

137 880 230 911 sum
260 869 578 925 coniungimus:

548 949 813 993 πολύθυτον
841 951 1024 1006 ἔρανον·

549 1016 686 1062 ἔνθεν
715 1014 1050 1073 ἀναδεξάμενοι,

547 1083 783 1139 Ἄπολλον,
818 1091 898 1142 τεᾷ

550 1156 742 1211 Καρνεῖέ
772 1149 817 1197 σ’
853 1152 901 1198 ἒν
931 1154 1050 1198 δαιτὶ
1080 1153 1315 1209 σεβίζομεν

549 1221 760 1277 Κυράνας
790 1219 832 1263 τ’
868 1219 1168 1278 ἀγακτιμέναν
1197 1221 1345 1265 πόλιν.

255 1299 294 1353 (1)
333 1313 428 1356 στρ.
453 1298 488 1342 δ’
514 1303 536 1341 7
569 1301 667 1345 libri
695 1301 868 1345 tradunt

255 1366 504 1422 ῥανθεισᾶν
539 1369 622 1422 (vel
643 1368 906 1424 ῥανθεῖσαν)
943 1368 1103 1423 κώμων
1131 1366 1186 1411 θ’
1220 1366 1310 1411 ὑπὸ
1340 1366 1558 1421 χεύμασιν

140 1445 309 1501 Optime
349 1446 401 1490 de
439 1447 519 1490 hoc
562 1448 653 1490 1000
699 1448 901 1491 disseruit
936 1449 1222 1492 Mommsenus
1265 1449 1311 1491 in
1355 1447 1643 1498 adnotatione,

140 1513 214 1566 qui
253 1513 391 1556 locum
432 1519 671 1570 corruptum
712 1515 774 1557 sic
812 1515 1040 1558 restituens
1079 1516 1276 1571 plausum
1315 1515 1411 1558 tulit
1446 1513 1643 1557 Christii:

146 1579 379 1636 (πρόγονοι
407 1579 654 1637 Ἀρκεσίλα)
695 1616 703 1624 .
733 1616 741 1624 .
771 1616 779 1624 .
814 1580 1013 1638 μεγάλαν
1044 1578 1088 1625 6³
1125 1578 1287 1639 ἀρετάν

551 1659 699 1717 δρόσῳ
729 1662 947 1717 μαλθακᾷ

551 1728 803 1785 ῥανθεῖσαν
830 1725 984 1783 ’ὕμνων
1012 1725 1102 1771 ὑπὸ
1133 1727 1352 1783 χεύμασιν

551 1793 759 1840 ἀκούοντί
788 1812 870 1840 ποι
898 1800 1067 1853 χθονίᾳ
1099 1799 1242 1853 φρενί,

550 1863 671 1922 σφὸν
703 1861 852 1919 ὄλβον,
886 1863 969 1921 υἱῷ
998 1880 1044 1907 τε
1075 1862 1231 1908 κοινὰν
1259 1863 1391 1920 χάριν

494 1979 496 1981 ,
551 1932 727 1977 ἔνδικόν
755 1929 799 1975 τ’
832 1932 1079 1989 Ἀρκεσίλᾳ.

138 2012 352 2068 Bergkius
381 2017 524 2056 autem
553 2013 671 2056 illius
702 2012 953 2068 ῥανθεισᾶν
982 2026 1114 2056 causa
1142 2025 1327 2066 versum,
1362 2024 1487 2066 quem
1518 2011 1650 2067 septi-

138 2094 253 2123 mum
273 2085 481 2135 numerat,
506 2081 723 2124 constituit
752 2106 781 2111 —
802 2082 833 2112 -'
852 2081 898 2134 Ξ,
934 2094 1188 2135 quamquam
1211 2078 1330 2136 σφὸν
1351 2075 1500 2133 ὄλβον,
1536 2079 1648 2134 (111οᾶ

139 2148 416 2203 epexegetieo
455 2162 571 2192 more
610 2148 782 2192 additur
811 2149 868 2191 ad
897 2147 1098 2203 μεγάλαν
1129 2144 1312 2204 ἀρετάν,
1358 2147 1481 2190 docet
1509 2161 1647 2201 μεγα-

139 2216 223 2258 λᾶν
263 2211 428 2273 ἀρετᾶν
466 2215 717 2272 ῥανθεισᾶν
752 2215 1077 2273 improbandum
1115 2227 1226 2259 esse.
1297 2214 1444 2258 Altera
1481 2227 1648 2269 quoque

139 2285 448 2339 emendatione,
482 2281 636 2339 ὕμνων
663 2299 738 2341 pro
764 2283 924 2339 κώμων
944 2281 1016 2338 θ’,
1053 2285 1172 2328 0111118
1193 2284 1380 2327 Beckius
1399 2288 1544 2326 auctor
1564 2287 1644 2337 est,

139 2365 223 2395 11011
253 2353 390 2396 80111111
420 2357 598 2396 metrum
630 2353 875 2408 restituitur,
910 2352 988 2396 sed
1007 2353 1136 2396 etiam
1157 2351 1388 2402 sententia3
1423 2363 1522 2392 nam
1543 2348 1647 2406 δρό-

141 2435 219 2471 σος
237 2421 452 2479 μαλθακή
472 2422 606 2465 multo
626 2422 766 2477 aptius
787 2422 841 2465 de
862 2422 1119 2465 carminibus
1151 2416 1307 2475 (ὕμνοι)
1346 2419 1499 2462 dicitur
1518 2433 1646 2474 quam

140 2489 194 2532 de
226 2489 596 2533 comissationibus
634 2490 817 2545 (κῶμοι),
853 2489 908 2532 cf.
942 2489 978 2531 N
1007 2490 1071 2531 IX
1104 2492 1172 2530 49.
1215 2487 1255 2531 P
1285 2488 1306 2529 I
1337 2488 1406 2529 98.
1448 2486 1484 2529 N
1513 2487 1573 2529 IV
1603 2490 1644 2529 4.

140 2556 165 2599 Ι
195 2557 238 2599 II
269 2559 310 2599 8.
687 2566 691 2570 ’

253 2625 311 2668 Ut
340 2625 495 2679 omnia,
531 2638 640 2679 quae
671 2625 920 2681 singillatim
951 2624 1141 2680 exposui,
1177 2623 1445 2679 complectar,
1479 2635 1649 2666 versum

146 2695 168 2733 7
200 2693 245 2736 in
275 2698 366 2736 octo
398 2693 584 2750 strophis
615 2693 676 2736 sic
706 2692 1013 2736 restituendum
1044 2705 1141 2735 esse
1171 2691 1369 2735 arbitror:
