1751 3147
697 144 747 149 -
816 119 926 173 [211]
990 144 1045 149 —
1588 121 1613 159 9

123 245 327 302 recipere,
362 257 472 301 quae
502 243 808 287 declamatione
837 257 1001 300 quoque
1031 244 1361 300 distinguantur,
1398 243 1615 288 confundit

123 313 250 357 ictum
279 313 528 357 rhetoricum
559 326 653 355 cum
682 313 768 356 ictu
797 314 1033 369 rhythmico
1062 318 1103 356 et
1131 313 1305 356 musico.

237 380 428 426 Tertia
466 380 814 436 quaestione,
857 395 941 436 qua
969 381 1022 425 de
1053 381 1221 437 syllaba
1248 381 1424 437 ancipiti
1453 381 1496 424 in
1525 394 1615 424 me-

124 451 193 494 dio
223 463 348 494 versu
378 449 576 505 strophae
607 449 775 492 doricae
804 453 967 504 agetur,
1002 450 1179 504 probare
1200 449 1442 492 conabimur
1460 450 1617 492 utrius-

124 532 206 574 que
240 517 408 574 generis
438 522 481 561 et
511 517 709 574 dactylici
739 521 782 562 et
810 516 1008 574 epitritici
1037 518 1128 561 cola
1159 518 1389 561 acataleeta
1419 518 1615 574 strophae

124 587 294 630 doricae
325 586 558 630 seeundum
586 586 829 642 rhythmum
860 586 1109 629 severiorem
1138 600 1317 640 eumque
1337 587 1615 641 antiquiorem

123 655 279 700 exiisse
306 655 351 698 in
381 655 638 710 trochaeum,
673 655 861 711 spondeo
891 659 1032 698 autem
1063 669 1139 711 pro
1168 655 1364 699 trochaeo
1393 655 1530 712 posito
1549 669 1617 699 re-

122 724 281 767 tardari
310 724 565 780 rhythmum,
599 737 708 778 quae
733 724 959 767 retardatio
979 724 1151 767 Pindari
1171 729 1361 779 tempore
1381 729 1466 767 tam
1487 737 1616 779 saepe

123 793 235 836 facta
272 796 337 836 est
373 792 417 835 in
455 791 652 835 extremis
691 791 820 846 eolis,
864 796 912 836 ut
949 792 1161 848 spondeus
1199 792 1257 836 ibi
1296 806 1374 849 pes
1402 793 1616 849 legitimus

124 866 260 916 esset,
301 862 524 904 trochaeus
564 860 823 916 exceptionis
862 861 1000 903 locum
1037 866 1187 919 tenens
1216 862 1341 904 certis
1371 861 1544 904 sedibus
1573 862 1616 903 in

121 929 240 972 initio
270 929 453 972 maxime
482 928 713 972 carminum
744 933 1015 984 compareret.

234 997 441 1040 Aberrare
482 997 743 1052 aliquantum
780 1001 822 1039 et
860 997 905 1039 in
944 997 1110 1040 devium
1150 997 1265 1040 exire
1295 1010 1441 1040 vereor
1469 1011 1523 1040 ne
1553 997 1616 1039 vi-

121 1066 300 1110 deantur
327 1066 433 1109 haee
462 1065 605 1109 studia
633 1065 678 1108 in
703 1064 962 1109 difficillimis
987 1065 1304 1120 quaestionibus
1325 1065 1510 1110 metricis
1532 1066 1619 1109 col-

122 1136 259 1179 locata
289 1135 351 1179 eis
381 1135 481 1178 viris
511 1134 656 1189 doctis,
693 1135 765 1189 qui
794 1139 867 1178 aut
895 1135 1173 1178 hauriendam
1204 1149 1258 1178 ex
1286 1135 1453 1191 optimis
1484 1135 1618 1191 scrip-

122 1204 281 1247 toribus
312 1203 485 1247 Graecis
515 1203 839 1247 delectationem
871 1203 992 1247 unice
1023 1203 1394 1247 commendandam
1425 1217 1521 1247 esse
1550 1204 1618 1246 iu·
1652 1203 1655 1205 ’

122 1272 309 1315 nioribus
339 1273 522 1315 clamant
552 1277 625 1314 aut
653 1272 698 1314 in
723 1273 803 1315 hoc
825 1285 906 1314 uno
925 1272 1102 1315 multum
1123 1286 1248 1315 curae
1268 1273 1529 1326 multumque
1550 1285 1618 1314 se-

121 1339 312 1383 dulitatis
340 1339 667 1396 impendendum
690 1352 784 1383 esse
804 1339 1070 1394 arbitrantur,
1106 1345 1152 1383 ut
1170 1339 1387 1383 iudicandi
1407 1339 1618 1383 calliditas

121 1422 215 1450 cum
254 1407 370 1450 vitiis
410 1408 671 1451 librariorum
704 1408 894 1451 socordia
924 1408 1135 1451 contextui
1164 1408 1412 1464 optimorum
1445 1408 1620 1464 scripto—

121 1490 209 1518 rum
242 1476 423 1520 obtrusis
443 1477 639 1520 luctetur.
692 1476 778 1520 Sed
797 1490 934 1531 neque
956 1481 1228 1520 eonsenescet
1246 1476 1497 1520 Pindaricae
1517 1490 1619 1531 poe—

121 1545 179 1586 sis
219 1540 435 1599 elegantia
473 1544 742 1587 dimetiendis
779 1545 959 1600 pedibus
996 1558 1047 1587 ac
1077 1544 1392 1600 perpendendis
1422 1545 1613 1600 syllabis,

120 1627 198 1656 nec
236 1613 363 1656 facile
400 1613 444 1656 in
473 1613 646 1657 Pindari
683 1613 788 1657 loeis
827 1613 1058 1668 antiquitus
1096 1613 1302 1669 corruptis
1332 1602 1617 1656 emendandis

121 1681 307 1736 palmam
338 1681 445 1725 feret
474 1682 675 1736 pusillum
707 1686 750 1724 et
778 1685 1003 1735 angustum
1033 1681 1251 1735 ingenium
1281 1695 1438 1735 eorum⁷
1473 1682 1545 1736 qui
1573 1682 1617 1723 in

120 1753 386 1793 occurrentes
416 1761 564 1792 versus
589 1749 722 1792 obiter
742 1749 992 1792 coniecturis
1013 1748 1152 1792 furere
1173 1750 1331 1802 solent3
1367 1749 1466 1804 quin
1487 1750 1615 1792 etiam

119 1816 395 1859 refrenandos
436 1822 478 1860 et
513 1817 765 1861 inhibendos
802 1830 896 1860 esse
935 1817 1321 1860 coniecturientium
1359 1817 1542 1872 impetus
1572 1817 1615 1859 in

120 1884 220 1927 crisi
244 1884 468 1929 Pindarica
496 1885 726 1942 persuadet
756 1885 1081 1929 clarissimorum
1102 1885 1274 1928 Pindari
1305 1885 1509 1929 editorum
1540 1899 1616 1928 ex-

120 1953 317 2008 emplum,
353 1968 529 2007 quorum
561 1955 741 1996 salubris
771 1954 1037 2009 providentia
1065 1968 1141 1997 nos
1172 1954 1313 1997 docuit
1340 1967 1418 1996 nec
1448 1953 1616 1996 sordide

119 2020 329 2064 custodire
358 2022 560 2065 lectiones
589 2021 780 2076 traditas,
814 2021 886 2064 ubi
918 2021 1148 2076 suspicioni
1168 2022 1374 2064 obnoxiae
1395 2026 1503 2075 sunt,
1539 2034 1617 2064 nee

119 2089 296 2143 prodige
327 2102 528 2145 spargere
559 2090 818 2133 coniecturas
848 2090 890 2131 in
921 2090 1024 2132 loeis
1054 2103 1158 2144 quos
1183 2095 1296 2132 certo
1317 2089 1469 2144 corrigi
1490 2103 1617 2144 posse

117 2155 331 2213 desperes.
