1751 3147
702 180 757 186 -
819 157 930 210 [253]
993 180 1046 186 -
1571 159 1621 196 51

239 281 277 333 4)
314 296 333 323 ε
364 282 404 336 3)
438 284 550 324 ποτέ
579 283 621 334 2,
656 281 695 335 b)
733 283 780 322 τέ
812 284 849 335 1,
885 283 920 336 0)
955 281 1129 324 verbum
1161 277 1461 335 ἀριστεύσατε.

239 348 277 404 5)
311 350 339 392 ῠ
366 353 516 393 neutra
544 350 585 390 2.

124 414 290 468 Desunt
327 416 416 460 fere
454 420 605 460 neutra
643 417 841 459 exeuntia
878 417 921 460 in
952 433 1004 458 -α
1034 417 1104 459 vel
1142 418 1187 460 in
1226 417 1432 471 singulari
1470 417 1539 459 vel
1576 417 1620 458 in

122 483 278 537 plurali
306 498 479 528 numero
508 483 625 527 velut
655 480 814 538 ὄνομα,
852 483 987 539 κακά,
1023 498 1132 539 quae
1161 485 1206 527 in
1235 484 1332 527 aliis
1362 484 1499 539 poetis
1528 497 1620 525 ma-

120 550 254 593 iorem
283 556 448 607 partem
478 550 663 594 omnium
692 552 881 594 exituum
910 544 1252 607 imperfectorum
1282 551 1484 605 efficiunt,
1518 551 1617 593 item

121 617 282 662 formae
311 620 430 663 verbi
460 623 664 663 exeuntes
693 619 738 661 in
766 634 819 660 -α
848 620 966 663 velut
995 619 1150 672 ἔλυσα,
1193 617 1420 673 λυόμεθα,
1465 624 1508 662 et
1545 632 1621 660 no-

122 686 314 729 minativi
343 687 548 740 feminini,
584 699 758 741 quorum
788 700 916 729 unum
947 688 1189 743 exemplum
1220 692 1285 730 est
1308 694 1506 740 τυχοῖσα,
1542 699 1620 728 nec

122 754 259 807 magis
287 755 556 798 inveniuntur
584 754 790 797 adverbia
820 755 1095 797 usitatissima
1123 753 1267 808 μάλα,
1312 754 1492 807 ἔπειτα,
1527 753 1614 804 ἵνα,

118 818 320 874 τάχιστα.

237 894 348 932 ποτέ
368 895 410 933 et
429 894 477 932 τέ
505 890 739 944 particulae
770 891 887 932 solae
917 890 1077 932 exitum
1097 906 1141 931 -ε
1162 891 1366 945 praebent
1385 903 1469 932 uno
1490 890 1619 931 verbo

120 953 409 1014 ἀριστεύσατε
450 962 646 1014 excepto,
691 957 845 1001 desunt
880 957 1112 1014 particulae
1151 958 1397 1002 tritissimae
1437 957 1508 1011 δέ,
1553 960 1614 1013 γε’,

120 1027 354 1069 accusativi
385 1026 480 1080 ἐμέ,
517 1029 583 1078 σέ,
629 1025 809 1068 vocativi
837 1026 955 1068 velut
983 1027 1100 1078 ξένε,
1144 1027 1294 1068 duales
1323 1027 1443 1068 velut
1471 1026 1615 1080 δοῦρε,

123 1094 282 1138 formae
312 1095 507 1138 verbales
537 1094 656 1137 velut
685 1091 773 1147 λύε,
809 1092 933 1137 λύετε
970 1095 1158 1150 (excepto
1190 1107 1272 1137 uno
1294 1091 1615 1150 ἀριστεύσατε).

237 1163 325 1205 Sub
374 1170 425 1204 -ῖ
473 1176 556 1205 11011
604 1167 846 1217 comparent
893 1162 1054 1205 formae
1102 1163 1298 1204 verbales
1346 1163 1462 1205 velut
1511 1161 1614 1215 εἰμί,

120 1228 230 1282 ἐσσί,
266 1229 352 1272 ἰ’θι.

238 1298 324 1340 Sub
354 1314 401 1340 -o
432 1298 726 1341 desiderantur
752 1302 902 1340 neutra
931 1301 1075 1349 τοῦτο,
1112 1293 1232 1351 ἄλλο,
1269 1293 1393 1354 αὐτό.

238 1366 287 1407 111
326 1365 507 1421 singulis
541 1369 683 1408 autem
714 1365 819 1408 10018
848 1364 1048 1408 iudicium
1079 1365 1237 1419 pendet
1265 1379 1319 1408 ex
1348 1370 1498 1408 natura
1527 1365 1620 1407 exi-

121 1438 239 1477 tuum
268 1434 582 1490 parallelorum.
643 1434 781 1488 Atque
821 1447 915 1477 cum
955 1433 1000 1476 in
1037 1434 1221 1477 exitibus
1260 1434 1431 1489 quidem
1470 1433 1619 1477 classis

117 1502 296 1544 alterius
325 1514 534 1555 nusquam
564 1501 757 1544 versibus
786 1501 1005 1558 parallelis
1041 1501 1306 1544 confirmetur
1335 1502 1493 1545 exitum
1522 1502 1619 1544 bre-

122 1583 216 1612 vem
246 1569 483 1623 quaesitum
513 1582 624 1623 esse,
659 1569 910 1623 concludere
940 1569 1041 1612 licet
1068 1569 1262 1612 omnibus
1291 1570 1380 1612 illis
1400 1569 1505 1613 locis
1526 1569 1619 1612 exi-

48 1659 53 1674 ·
122 1641 209 1679 tum
230 1636 521 1691 imperfectum
542 1636 619 1690 018,
655 1650 758 1691 quos
790 1636 986 1689 diximus,
1022 1636 1158 1679 modis
1188 1637 1402 1680 sublatum
1433 1637 1500 1680 vel
1531 1637 1618 1679 sal-

122 1709 207 1747 tem
237 1704 467 1747 delenitum
497 1717 606 1757 0880,
643 1718 737 1747 011111
767 1721 809 1746 -ι
836 1704 978 1746 finalis
1007 1703 1307 1759 produceretur
1320 1739 1329 1757 ‚
1364 1705 1618 1760 praepositio

119 1768 215 1814 ἄπο
245 1772 420 1814 formam
449 1771 644 1815 indueret
673 1768 780 1825 ἄνευ,
796 1812 800 1816 ,
816 1776 859 1814 et
886 1769 1025 1827 παρά,
1061 1771 1173 1825 quod
1204 1773 1336 1815 semel
1365 1772 1409 1814 in
1433 1771 1617 1814 carmine

124 1839 377 1895 distrophico
407 1838 441 1883 0
472 1840 574 1882 XIV
603 1845 839 1896 comparet,
881 1840 917 1883 si
947 1840 1001 1883 de
1031 1840 1214 1883 carmine
1242 1844 1329 1883 tam
1358 1840 1477 1883 brevi
1505 1839 1614 1882 iudi-

121 1921 220 1951 care
250 1907 363 1960 licet,
398 1907 574 1950 formam
603 1908 870 1952 Homericam
902 1910 1059 1963 παραὶ,
1096 1911 1207 1950 ποτέ
1237 1913 1279 1951 et
1307 1911 1354 1950 τέ
1383 1908 1619 1963 reciperent

118 1990 271 2019 sonum
299 1976 505 2018 nasalem.

236 2045 286 2086 In
314 2042 439 2086 tertia
468 2057 568 2086 vero
598 2044 727 2087 classi
756 2043 1025 2087 discernendi
1054 2049 1152 2087 sunt
1180 2044 1219 2087 ei
1249 2045 1343 2098 loci,
1378 2044 1449 2086 ubi
1469 2056 1617 2086 versus

124 2111 319 2167 paralleli
348 2111 635 2154 demonstrent
664 2111 825 2154 exitum
853 2112 1146 2166 imperfectum
1175 2113 1244 2154 vel
1274 2112 1426 2154 saltem
1446 2111 1618 2153 brevem

116 2178 358 2234 quaesitum
383 2191 492 2233 0880,
527 2179 582 2222 31)
603 2178 713 2233 31118,
748 2179 822 2222 ubi
841 2191 990 2222 versus
1009 2179 1205 2235 paralleli
1223 2179 1469 2235 plerumque
1489 2178 1615 2233 longa

116 2247 290 2302 ‚syllaba
309 2246 596 2288 terminentur.
650 2247 715 2290 Ita
745 2246 969 2290 discedunt
997 2247 1077 2289 loci
1107 2247 1256 2289 classis
1277 2246 1426 2289 tertiae
1446 2246 1489 2287 in
1510 2246 1616 2288 duas

119 2320 284 2370 partes:

235 2383 272 2436 a)
309 2381 446 2424 exitus
475 2382 749 2438 imperfectus
778 2388 852 2426 aut
880 2383 1096 2437 quaesitus
1136 2388 1201 2426 est
1238 2387 1311 2425 aut
1349 2395 1399 2424 οο
1439 2394 1617 2424 excusa-

309 2454 387 2501 tur,
422 2449 534 2502 quod
563 2450 702 2493 exitus
731 2450 872 2493 brevis
901 2450 1119 2503 quaesitus
1149 2455 1233 2492 est:

237 2516 271 2560 0
301 2517 343 2559 ΙΙ
372 2518 494 2572 χέρα,
531 2516 727 2561 δύναιτο.

235 2585 269 2628 0
300 2586 341 2653 2}
372 2584 505 2640 (χερί,
545 2584 797 2639 ἐκτίσσατο,
833 2585 1068 2641 ποιμένα),
1116 2584 1254 2640 (ποτέ,
1292 2582 1469 2641 ἅρματι,
1507 2582 1617 2641 ἆρα-

505 2651 628 2709 ρότα,
664 2654 807 2711 ποτέ),
844 2650 1064 2708 ἀμύμονα,
1101 2652 1241 2710 (πυρί,
1274 2649 1393 2711 ἄρα),
1427 2669 1619 2711 νικαφο-

506 2724 648 2776 ρίαισί
677 2739 737 2775 τε,
773 2725 924 2778 πατρί,
960 2722 1117 2775 μέλιτι.

1294 2791 1341 2823 4*
