1751 3147
123 123 177 162 54
706 143 760 149 -
823 120 934 172 [256]
997 143 1053 148 -

125 258 218 288 sam
248 243 540 299 errhythmam
570 256 653 286 non
683 243 828 299 magni
858 242 1059 286 momenti
1088 255 1206 295 esse,
1251 255 1344 285 cum
1384 241 1632 287 admittatur

122 313 234 355 inter
262 311 618 368 praepositionem
647 315 692 354 et
720 311 1669 354 substantivum·

239 379 404 432 Quibus
433 379 561 423 rebus
590 378 872 423 consideratis
902 379 1117 423 conclusio
1146 383 1291 423 nostra
1319 355 1426 424 haec
1455 383 1541 423 est:

239 448 290 490 In
327 447 445 490 exitu
484 446 671 490 omnium
700 459 898 489 versuum
928 459 1066 502 pausa
1094 447 1164 502 fit,
1206 461 1305 490 nam
1335 447 1477 491 hiatus
1505 447 1631 491 aliter

124 514 334 571 explicari
370 514 532 569 nequit.
604 514 725 566 Quae
762 527 898 570 pausa
934 514 1182 570 arrhythma
1219 527 1397 571 pausam
1433 515 1630 573 errhyth-

125 595 261 635 mam,
306 582 346 637 si·
363 582 515 625 'thesis
554 582 695 625 thesin
731 582 776 624 in
814 594 1012 624 versuum
1048 582 1228 625 confinio
1258 584 1467 637 sequitur,
1509 584 1553 626 in
1583 598 1630 628 se

125 649 290 706 recipit.
353 649 462 693 Ante
492 662 673 705 pausam
703 649 872 704 syllaba
900 648 1070 702 ultima,
1116 663 1225 703 quae
1263 655 1338 693 aut
1373 651 1418 694 in
1457 652 1628 708 longam

123 718 317 760 vocalem
347 721 422 759 aut
448 716 494 758 in
524 721 824 760 consonantem
855 716 971 759 exire
1001 717 1122 771 solet,
1159 717 1328 760 theseos
1357 723 1524 777 tempus
1555 734 1630 763 ex-

125 786 245 841 plere
282 789 325 828 et
362 784 544 828 fortasse
581 786 757 840 paulum
797 784 973 841 produci
1010 785 1133 828 solet.
1204 785 1313 829 Sunt
1347 791 1492 830 tamen
1530 789 1625 843 loci,

127 853 200 895 ubi
230 866 284 895 ex
305 852 447 895 causis
477 852 674 907 fortasse,
708 865 817 907 quae
848 865 901 895 ex
930 851 1058 895 ductu
1088 851 1299 896 melodiae
1335 853 1416 908 (vel
1447 859 1493 897 ut
1521 857 1632 900 anti—

123 921 198 976 qui
239 920 387 962 dixere
426 920 686 976 harmoniae)
735 920 1008 976 proveniunt,
1063 919 1202 963 exitus
1246 921 1370 964 aliter
1411 927 1628 968 tractatur.

124 989 192 1031 Ibi
221 989 376 1042 longae
405 988 578 1030 vocales
605 988 650 1030 in
679 987 829 1030 ultima
857 1000 1008 1030 versus
1037 987 1207 1042 syllaba
1236 1001 1356 1032 rarae
1387 992 1498 1045 sunt,
1532 994 1632 1047 poni

114 1060 270 1099 autem
309 1055 449 1099 solent
483 1056 637 1099 breves
666 1055 711 1098 in
740 1059 1038 1098 consonantem
1069 1060 1273 1099 exeuntes
1304 1057 1519 1113 syllabae,
1561 1062 1630 1104 vel

122 1124 254 1168 etiam
284 1124 439 1167 breves
467 1123 511 1166 in
540 1123 731 1167 vocalem
761 1127 980 1166 exeuntes.
1041 1123 1294 1167 Huiusmodi
1333 1125 1439 1168 locis
1477 1127 1632 1171 cohae-

124 1192 263 1236 rentia
307 1192 531 1235 verborum
565 1191 834 1239 =demonstrat
876 1191 1189 1234 cohaerentiam
1233 1192 1421 1247 rhythmi
1463 1208 1630 1250 quoque

123 1259 323 1303 artiorem
372 1271 485 1302 esse.
555 1258 675 1310 Quae
721 1258 991 1302 cohaerentia
1029 1258 1090 1301 ita
1127 1258 1329 1314 efficitur,
1379 1265 1426 1304 ut
1463 1263 1632 1318 syllaba

124 1327 277 1370 ultima
306 1340 478 1381 versus,
522 1339 631 1380 quae
669 1326 883 1379 ceteroqui
920 1326 1046 1369 unius
1084 1327 1254 1370 theseos
1292 1332 1458 1384 tempus
1488 1332 1632 1386 explet

124 1395 195 1438 vel
235 1398 431 1450 superat,
475 1393 645 1437 brevius
680 1397 849 1449 tempus
889 1398 1067 1450 occupet
1110 1393 1422 1447 (conferendum
1462 1402 1528 1442 est
1555 1413 1631 1443 no-

124 1468 260 1506 strum
291 1465 547 1517 »staccato«)
593 1466 636 1505 et
671 1475 808 1517 pausa
836 1462 965 1518 paulo
995 1462 1113 1517 prius
1148 1475 1273 1515 quam
1305 1464 1489 1509 debebat
1524 1467 1633 1510 inci-

124 1531 232 1587 piat.
295 1531 481 1573 Pansam
519 1534 660 1573 autem
697 1529 788 1573 fieri
828 1529 1139 1586 arrhythmam,
1187 1530 1354 1574 etiamsi
1384 1533 1522 1577 exitus
1550 1535 1632 1578 im·-

126 1591 343 1654 perfectus
382 1598 438 1641 sit
476 1603 518 1640 et
554 1599 760 1658 vocabula
798 1603 890 1641 arte
930 1598 1206 1652 cohaereant,
1252 1601 1543 1655 cognoscimus
1578 1616 1631 1647 ex

124 1667 245 1710 hiatu
275 1666 349 1721 qui
379 1666 558 1709 occurrit
585 1666 630 1707 in
659 1666 785 1719 locis,
832 1667 982 1719 quales
1013 1672 1111 1709 sunt
1149 1665 1183 1709 0
1214 1668 1255 1708 Χ
1289 1672 1382 1722 104,
1417 1669 1456 1710 Ρ
1486 1671 1528 1711 Χ
1559 1674 1625 1723 69,

124 1734 163 1777 N
192 1734 230 1777 V
259 1735 335 1776 46:

625 1801 1138 1857 „Luissv-stav..

589 1903 596 1910 .
626 1902 634 1910 .
661 1864 688 1910 ἅ
718 1884 828 1911 ποτε
858 1868 870 1925 ΙΙ
901 1865 1086 1912 ἀναιδέα
1112 1904 1119 1911 .
1151 1904 1159 1911 .
1189 1905 1196 1912 .

675 1938 1066 1994 mezu—Lu·

688 2001 1022 2062 ..ὅτιΙΙῦψοῦ

793 2072 825 2090 υ

668 2073 1138 2129 ..υ-Η-ιυ.ῃ

685 2174 692 2182 .
722 2174 730 2182 .
757 2137 825 2183 ὅτι
853 2142 865 2197 ΙΙ
896 2140 1065 2183 ἐσλοῖσι
1090 2174 1098 2182 .
1128 2175 1136 2182 .
1165 2175 1173 2182 .

241 2210 388 2253 Altera
417 2213 561 2252 autem
592 2207 795 2263 quaestio
811 2208 918 2252 haee
949 2213 1036 2264 est,
1071 2222 1145 2252 cur
1177 2211 1228 2251 75
1260 2210 1448 2254 exituum
1477 2211 1635 2269 imper-

126 2280 345 2332 fectorum,
380 2290 485 2333 quos
505 2276 774 2332 agnovimus,
809 2282 895 2321 tres
917 2278 996 2320 soli
1025 2277 1060 2322 0
1080 2277 1123 2320 Π
1148 2280 1226 2320 110
1248 2277 1448 2333 δύναιτο,
1485 2279 1512 2322 Ι
1531 2282 1633 2324 VIII

131 2350 181 2388 15
214 2348 464 2403 τραφέντα,
509 2347 563 2388 35
595 2352 778 2398 τυχοῖσα
810 2345 913 2389 certi
950 2345 996 2388 in
1032 2346 1148 2389 exitu
1187 2345 1390 2390 feminino
1420 2346 1523 2403 sint,
1568 2349 1634 2392 in-

126 2415 230 2457 certi
267 2415 350 2457 duo
390 2413 424 2457 0
455 2414 475 2455 I
507 2416 560 2455 64
603 2409 855 2467 ἀμβροσίαν
894 2429 959 2464 τε,
1006 2413 1033 2454 I
1062 2414 1143 2455 VII
1174 2416 1226 2455 33
1259 2410 1540 2471 Ἀμφιάρηόν
1570 2433 1629 2459 τε.

126 2481 246 2533 Quae
285 2494 353 2525 res
390 2494 474 2524 non
512 2479 614 2523 inde
654 2479 858 2536 explicari
895 2485 1056 2536 potest,
1105 2480 1217 2535 quod
1261 2480 1400 2524 exitus
1443 2481 1634 2528 feminini

88 2598 94 2605 ,
123 2549 294 2593 omnino
325 2549 410 2593 rari
440 2549 525 2592 sint
553 2549 597 2591 in
610 2547 842 2603 epificiis,
886 2548 1011 2591 tertia
1050 2548 1161 2591 enim
1192 2561 1292 2604 pars
1323 2549 1508 2593 omnium
1538 2566 1634 2595 ver-

125 2630 250 2660 suum
270 2617 519 2661 femininum
540 2616 702 2660 exitum
723 2615 865 2659 habet.
918 2617 1056 2671 Atque
1077 2616 1309 2659 carminum
1331 2615 1367 2661 0
1388 2618 1430 2660 Χ
1455 2623 1498 2662 et
1518 2619 1557 2662 P
1579 2620 1628 2672 V7

123 2686 278 2740 quibus
318 2685 529 2728 maximus
558 2697 761 2727 numerus
790 2684 977 2747 exituum
1007 2684 1349 2740 imperfectorum
1380 2687 1627 2742 continetur⁷
