1751 3147
571 764 920 830 QUAESTIO
962 767 1206 830 PRIMA.

213 908 279 955 DE
315 908 463 980 Exlru
499 908 727 957 VERSUUM
763 906 1011 957 PERFEGTO
1047 909 1210 964 ATQUE
1245 909 1563 960 IMPERFEGTO.

836 1043 933 1097 ςι.

249 1134 360 1177 Ante
390 1133 649 1177 Boeckhium
679 1133 752 1188 qui
776 1134 1005 1177 Pindarum
1036 1134 1234 1190 edebant,
1267 1148 1417 1180 versus
1447 1137 1640 1181 solebant

94 1200 98 1205 ’
134 1202 197 1245 ita
225 1202 457 1258 diremptos
488 1201 754 1255 constituere,
790 1206 836 1245 ut
864 1202 909 1244 in
938 1202 1057 1245 libris
1087 1203 1385 1259 manuscriptis
1404 1209 1577 1261 extant,
1597 1205 1641 1247 in

136 1270 291 1325 quibus
320 1284 405 1314 non
433 1282 583 1313 versus
611 1270 714 1323 (sive
733 1269 911 1325 periodi)
947 1270 1134 1314 distincti
1155 1275 1265 1326 sunt,
1300 1271 1377 1315 sed
1397 1273 1502 1327 cola,
1537 1287 1642 1328 qua—

136 1343 260 1382 tenus
288 1337 554 1394 grammatici
584 1342 626 1381 et
655 1338 1010 1392 grammaticastri
1031 1339 1256 1394 Byzantini
1287 1340 1366 1383 hoc
1394 1339 1533 1384 facere
1564 1355 1641 1396 po-

135 1410 320 1450 tuerunt.

249 1474 562 1518 Boeckhius
601 1478 744 1517 autem
781 1487 875 1517 cum
915 1487 1080 1517 omnem
1120 1475 1246 1518 istam
1282 1476 1641 1532 congeriemBy-

135 1543 401 1586 zantinorum
439 1541 799 1597 magistellorum,
843 1555 1020 1597 quorum
1059 1542 1159 1584 dum
1199 1543 1372 1598 ingenia
1411 1543 1635 1597 dormiunt,

135 1612 261 1666 digiti
291 1600 480 1654 carmina
508 1610 731 1654 metientes
760 1610 956 1666 opificum
986 1610 1069 1652 ritu
1100 1612 1318 1665 sonabant,
1353 1625 1437 1654 non
1468 1611 1639 1666 dignam

137 1692 233 1723 esse
262 1678 572 1733 intellexisset,
616 1678 662 1721 in
692 1692 776 1733 qua
805 1678 877 1721 diu
908 1678 1159 1733 desudaret,
1205 1679 1371 1722 abiecta
1408 1679 1572 1722 lubrica
1601 1684 1643 1722 et

135 1749 297 1791 incerta
338 1747 608 1803 possessione
652 1747 893 1801 regularum
934 1760 961 1789 a
1000 1747 1250 1802 Byzantinis
1289 1747 1637 1802 excogitatarum,

135 1817 232 1871 ipsa
260 1815 435 1858 Pindari
463 1815 652 1858 carmina
682 1815 998 1858 accuratissime
1029 1819 1316 1870 perscrutatus
1346 1829 1397 1858 ac
1425 1815 1642 1859 dimensus

138 1896 286 1928 versus
306 1883 554 1927 Pindaricos
585 1883 730 1926 divisit
759 1871 990 1926 s‘ecundum
1021 1883 1161 1938 legem
1191 1883 1320 1926 hanc:
1359 1883 1395 1925 si
1416 1887 1528 1926 certo
1548 1884 1641 1926 loco

141 1952 407 2009 stropharum
445 1952 502 1994 ad
540 1951 654 1994 idem
695 1952 867 1994 schema
896 1952 1115 1995 metricum
1146 1952 1428 1995 confectarum
1457 1953 1641 1995 omnium

144 2021 239 2075 (vel,
276 2025 323 2062 ut
351 2033 435 2062 uno
464 2020 594 2062 verbo
625 2019 829 2073 dicamus,
865 2019 1058 2062 omnibus
1087 2020 1191 2062 locis
1222 2020 1531 2075 parallelis)
1567 2034 1661 2063 vo--

138 2089 336 2132 cabulum
366 2087 523 2140 finitur,
558 2100 707 2130 versus
735 2087 832 2131 finis
863 2088 1058 2131 constitui
1086 2091 1238 2143 potest,
1272 2092 1314 2131 et
1333 2088 1370 2131 si
1388 2088 1433 2131 in
1459 2101 1544 2131 una
1572 2089 1642 2131 vel

138 2157 333 2213 pluribus
373 2155 561 2211 strophis
600 2155 766 2198 aceedit
798 2155 940 2198 hiatus
969 2156 1040 2198 vel
1070 2156 1242 2211 syllaba
1271 2168 1450 2211 anceps,
1494 2168 1642 2199 versus

138 2225 264 2268 finem
297 2223 493 2267 constitui
521 2236 699 2273 necesse
729 2228 808 2268 est.
870 2224 1096 2268 Praeterea
1131 2237 1279 2267 versus
1309 2224 1425 2268 exire
1455 2237 1538 2267 non
1568 2238 1643 2280 po-

137 2298 221 2338 test
247 2294 293 2336 in
322 2293 576 2336 vocabulum
607 2293 782 2347 elisum,
823 2306 959 2348 neque
988 2293 1176 2347 incipere
1205 2294 1259 2336 ab
1291 2293 1484 2336 enelitico
1515 2298 1588 2335 aut
1615 2306 1642 2334 a

136 2361 355 2419 particulis
385 2364 469 2416 μέν
499 2365 541 2404 et
571 2361 633 2403 δέ.
686 2360 940 2417 Discrepant
969 2365 1111 2404 autem
1143 2374 1237 2403 cum
1267 2361 1347 2404 hac
1377 2361 1526 2416 regula
1555 2365 1641 2403 tam

136 2431 262 2487 pauci
291 2430 386 2484 loci,
422 2433 468 2471 ut
497 2428 753 2475 emendandi
784 2442 880 2472 esse
910 2429 1147 2472 videantur.
1204 2430 1342 2484 Atque
1373 2443 1466 2471 cum
1496 2430 1642 2484 Tycho

137 2500 372 2542 Mommsen
401 2510 547 2540 omnes
578 2497 778 2540 elisiones
807 2497 851 2540 in
881 2497 1033 2540 finibus
1062 2510 1261 2540 versuum
1291 2497 1554 2540 emendando
1575 2511 1643 2540 re-

137 2567 363 2621 movisset,
409 2564 656 2608 Theodorus
686 2566 850 2620 Bergk,
894 2565 1150 2608 novissimus
1188 2564 1322 2608 editor
1357 2565 1555 2620 Pindari,
1598 2566 1642 2607 in

137 2636 362 2678 Poetarum
402 2633 627 2689 lyricorum
669 2632 852 2677 editione
882 2637 1034 2690 quarta
1063 2636 1258 2688 quattuor
1286 2632 1390 2677 locis
1421 2633 1641 2677 elisionem

135 2704 179 2748 in
209 2704 292 2749 fine
322 2714 519 2748 versuum
550 2701 735 2746 admisit.
