1751 3147
696 146 752 153 -
812 123 925 177 [255]
987 145 1046 154 —
1432 109 1435 112 ⁴
1571 123 1625 163 53

116 248 407 293 demonstrant
425 247 758 305 praepositiones
778 246 904 305 παρά
929 247 1042 304 (bis),
1078 250 1184 304 περί
1200 248 1320 304 (bis),
1357 246 1483 301 κατά,
1515 250 1623 290 ποι-ι’

117 320 162 359 et
190 316 424 361 coniunctio
454 311 524 360 ὅτι
560 315 650 372 (bis)
695 315 740 358 in
778 316 907 360 exitu>
922 315 1111 373 positae,
1155 326 1305 359 versus
1333 315 1418 360 fine
1446 316 1501 359 ab
1530 315 1618 359 illis

118 385 337 428 vocabulis
365 389 608 441 separatae,
644 395 740 427 cum
769 384 923 438 quibus
951 389 1043 428 arte
1070 385 1344 428 cohaereant.
1404 384 1516 427 Nam
1546 385 1619 427 ubi

116 452 210 496 eius
248 453 363 497 modi
401 451 611 497 vocabula
648 451 692 494 in
730 451 815 497 fine
853 463 1002 496 versus
1040 452 1140 510 poni
1177 456 1376 509 possunt,
1418 452 1618 509 temporis

118 522 323 577 spatium,
367 522 479 576 quod
517 532 653 574 usque
690 521 747 565 ad
782 521 950 564 initium
990 515 1138 565 versus
1172 521 1389 575 sequentis
1418 521 1614 575 deourrit,

117 589 358 633 necessario
386 588 684 633 brevissimum
714 592 802 642 est3
844 592 888 632 et
915 601 1009 633 cum
1039 589 1084 632 in
1113 589 1177 633 eis
1207 588 1331 643 locis,
1374 588 1448 632 ubi
1477 588 1617 632 exitus

116 657 330 712 perfectus
356 657 575 713 legitimus
605 661 691 709 est,
733 657 866 700 multo
905 658 1037 701 rarior
1065 657 1121 700 sit
1146 662 1236 701 tum
1265 661 1359 700 arta
1387 657 1618 701 cohaeren-

114 725 176 768 tia
205 726 503 770 vooabulorum
533 736 683 769 versus
711 723 797 769 fine
826 724 1126 781 diremptorum
1162 725 1274 780 (nam
1295 723 1331 769 0
1350 725 1409 768 VI
1429 727 1483 768 53
1515 721 1612 768 ἀλλ’

106 792 166 839 ,ἐν
196 794 200 845 ξ
233 797 453 850 κέκρυπτο
484 791 567 849 γὰρ
598 796 762 848 σχοίνῳ
796 797 841 836 et
867 793 1086 848 singulare
1114 798 1179 837 cst
1206 798 1251 837 et
1277 793 1457 837 fortusse
1486 806 1617 837 exeu-

117 866 235 905 satur
263 876 335 916 eo,
379 862 493 916 quod
529 872 680 905 versus
711 863 765 903 54
794 862 850 905 ab
879 861 965 904 arsi
990 861 1180 917 incipit),
1222 865 1382 905 certum
1418 867 1486 905 est
1523 863 1616 906 exi-

114 934 203 973 tum
237 930 530 986 imperfectum
569 929 631 972 ibi
665 930 803 972 locum
841 929 1022 982 habere,
1067 929 1140 972 ubi
1168 941 1324 985 pausa,
1367 942 1478 985 quae
1506 931 1616 975 inter

115 1011 264 1042 versus
295 1011 390 1041 esse
421 997 561 1050 debet,
595 1009 731 1053 parva
758 1002 838 1041 est.
886 998 1038 1040 Exitus
1066 1002 1207 1042 autem
1236 999 1508 1059 imperfectus
1536 1012 1615 1042 na-

114 1071 209 1110 tura
239 1079 317 1110 sua
346 1066 591 1122 aptissimus
620 1070 687 1110 est
714 1065 772 1109 ad
799 1070 936 1109 artum
965 1075 1165 1109 versuum
1194 1079 1400 1110 conexum
1424 1066 1614 1111 efficien-

115 1135 231 1178 dum.
293 1133 328 1178 0
357 1135 400 1177 Χ
429 1137 484 1177 20
515 1148 552 1178 e.
586 1147 629 1189 g.
663 1147 758 1178 cum
787 1139 913 1178 exeat
940 1135 985 1177 in
1013 1134 1176 1189 thesin,
1220 1135 1434 1191 proximus
1471 1140 1614 1179 autem

114 1215 262 1246 versus
290 1203 466 1258 incipiat
492 1203 548 1245 ab
577 1203 664 1246 arsi

187 1278 1006 1337 „LW-w-uinu-'W'f-v-
1033 1271 1543 1325 [Lau-vn-Lwss‘

181 1347 344 1406 θήξαις
374 1348 423 1391 δέ
452 1364 499 1391 κε
522 1342 656 1405 φύντ’
681 1343 817 1405 ἀρετᾷ
836 1351 945 1391 ποτὶ
971 1348 985 1406 ΙΙ
1012 1347 1234 1405 πελώριον
1261 1344 1460 1404 ὁρμάσαι
1487 1349 1613 1399 κλέος

658 1411 768 1473 ἀνὴρ
798 1419 913 1459 θεοῦ
942 1413 1024 1459 σὺν
1052 1414 1255 1473 παλάμᾳ,

114 1487 230 1529 locus
259 1498 421 1541 pausae
450 1485 723 1540 errhythmae
752 1496 835 1528 non
864 1490 942 1539 est,
977 1498 1086 1539 quae
1115 1497 1263 1528 versus
1283 1485 1409 1528 finem
1430 1485 1611 1529 auditori

113 1553 358 1597 sensibilem
388 1552 552 1595 reddat.
605 1552 672 1595 Ne
700 1552 831 1608 igitur
858 1565 994 1608 pausa
1022 1550 1269 1608 arrhythma
1297 1553 1429 1596 verba
1458 1553 1612 1597 cohae-

114 1621 249 1664 rentia
269 1620 489 1672 distrahat,
524 1620 694 1675 syllaba
723 1620 875 1663 ultima
902 1633 986 1663 non
1015 1620 1073 1663 ad
1099 1618 1271 1663 theseos
1299 1625 1466 1676 tempus
1502 1621 1544 1674 (i.
1568 1634 1607 1664 e.

112 1689 220 1731 duas
250 1689 402 1741 moras)
440 1686 703 1739 extenditur,
732 1686 826 1740 *sed
864 1688 992 1742 paulo
1022 1692 1120 1730 ante
1149 1699 1275 1741 quam
1304 1684 1488 1730 debebat
1515 1687 1611 1730 fini-

111 1761 190 1811 tur,
224 1756 269 1798 id
298 1754 410 1809 quod
439 1754 549 1797 notis
580 1755 641 1797 sic
670 1754 759 1798 fere
789 1755 969 1811 exprimi
999 1759 1159 1811 potest:

530 1866 538 1874 ⁶
568 1866 577 1874 ,
610 1832 918 1890 »κα-ὐψΛΙΙ
945 1833 1115 1864 υ-’ψυ
1148 1867 1156 1875 ο
1185 1867 1194 1875 .
1223 1867 1231 1875 ⁸

541 1897 677 1957 ἀρετᾷ
707 1904 815 1944 ποτέ
842 1900 855 1958 ΙΙ
883 1899 1105 1958 πελώριον
1137 1936 1145 1943 .
1175 1935 1184 1943 .

223 1981 340 2023 Haec
374 1992 503 2022 causa
532 1991 627 2022 esse
657 1980 826 2023 videtur
853 1979 1136 2035 frequentium
1166 1981 1354 2023 exituum
1382 1980 1607 2035 imperfec—

108 2054 243 2092 torum
271 2048 316 2090 in
346 2046 380 2091 0
410 2046 472 2098 X;
507 2060 606 2090 nam
637 2052 712 2090 str.
737 2049 776 2101 2,
812 2051 853 2102 4,
890 2051 929 2100 6,
964 2061 1031 2104 ep.
1063 2050 1102 2101 3,
1139 2052 1177 2102 5,
1213 2050 1237 2090 8
1268 2048 1482 2104 proximus
1511 2062 1608 2092 ver-

109 2130 182 2159 sus
210 2115 359 2170 incipit
389 2115 442 2156 ab
473 2115 570 2166 arsi,
608 2115 685 2157 sed
715 2128 784 2171 ep.
819 2118 844 2157 2

297 2179 1261 2251 υΔ-ω-υυΞΛΙΙέ-ῶυμώυι..
1295 2228 1303 2236 ,
1333 2228 1342 2236 ,
1372 2228 1380 2236 ,
1410 2228 1419 2236 ,

107 2267 300 2319 Λοκρῶν
330 2258 597 2318 ἀμφέπεσον
624 2262 771 2315 μέλιτι
798 2261 811 2318 ΙΙ
840 2258 1031 2317 εὐάνορα
1062 2259 1197 2305 πόλιν
1226 2264 1536 2317 καταβρέχων.
1559 2297 1568 2305 .
1593 2296 1603 2305 .

106 2343 180 2386 ubi
209 2346 306 2385 sunt
338 2341 398 2394 11,
434 2339 530 2393 2br,
570 2340 667 2394 lih,
714 2341 863 2384 eadem
903 2353 1033 2384 causa
1072 2354 1155 2384 non
1192 2340 1327 2384 adest.
1391 2341 1483 2384 Nec
1511 2355 1602 2384 ma-

106 2411 173 2465 gis
204 2408 239 2453 0
269 2408 377 2451 XIII
405 2421 472 2462 ep.
508 2410 548 2461 4,
583 2409 656 2452 ubi
689 2411 765 2465 lp,
801 2408 894 2462 4ih,
931 2413 973 2452 et
1002 2408 1040 2451 P
1071 2409 1130 2451 IV
1159 2422 1226 2465 ep.
1264 2412 1283 2450 1

420 2487 770 2545 ,Lv24u-
814 2500 846 2518 υ
890 2510 921 2520 -—
967 2511 996 2519 ·-
1042 2489 1230 2530 -'—....

417 2554 1241 2613 4υΞΛΙΙ-’.ω-υυ--.ἰ

103 2624 190 2669 Sed
209 2625 278 2668 hic
307 2636 473 2678 quoque
503 2622 538 2667 0
556 2623 667 2667 XIII
688 2626 741 2667 98
772 2637 971 2668 versuum
991 2624 1216 2668 confinium
1246 2622 1360 2666 κατά
1390 2624 1395 2679 1
1424 2619 1600 2666 Ἑλλάδ’

99 2693 260 2738 indicat
287 2697 378 2736 arte
408 2691 633 2735 cohaerere
663 2705 828 2736 versus.
887 2693 1013 2736 Unde
1041 2698 1373 2736 consentaneum
1402 2697 1467 2736 est
1496 2706 1606 2748 pau—
