1751 3147
701 138 757 169 -’-
819 139 930 193 [229]
993 163 1049 170 -
1569 139 1621 179 27

288 263 432 308 Κλειώ
461 260 504 306 τ’
538 259 741 321 Εὐτέρπη
773 279 819 307 τε
853 262 1021 307 Θάλειά
1050 279 1096 306 τε
1131 262 1388 321 Τερψιχόρη
1419 279 1464 306 τε

127 333 213 377 Sed
242 346 337 376 cum
365 332 649 388 Apollodorus
677 333 699 374 I
729 334 768 385 3,
809 335 822 373 1
869 336 911 375 et
938 332 1190 375 Plutarchus
1221 346 1258 375 c.
1290 332 1424 387 princ.
1457 332 1563 387 phil.
1598 334 1623 373 3

127 399 318 445 Gratiam
356 400 417 445 ita
450 400 691 457 appellent,
737 404 1064 444 consentaneum
1103 404 1168 444 est
1196 399 1425 443 Pindarum
1458 412 1623 454 quoque

124 469 292 512 tertiam
323 468 514 511 Gratiam
544 468 764 522 appellare
794 468 982 523 potuisse
1015 466 1226 510 Θάλειαν.
1272 466 1449 520 Accedit
1476 466 1615 508 aliud:

124 535 333 580 Pindarus
384 535 496 578 enim
544 535 649 578 locis
685 535 905 591 parallelis
947 535 993 578 in
1031 535 1180 585 eodem
1218 534 1426 578 vocabulo
1466 547 1622 577 sonove

124 603 303 660 repetito
347 602 520 658 egregie
563 616 610 646 se
654 602 857 647 delectat:
914 603 1026 647 conf.
1070 616 1108 646 e.
1142 616 1186 658 g.
1229 601 1264 647 0
1294 602 1376 645 VH
1414 617 1488 645 επ.
1523 600 1561 644 α’
1597 605 1621 644 6

123 675 313 728 πατέρα,
349 686 421 713 επ.
446 668 486 724 β’
511 673 536 712 6
566 673 775 726 πατέρος,
819 670 859 712 P
878 671 939 713 IV
969 685 1062 727 στρ.
1088 668 1127 712 α’
1152 673 1175 711 7
1208 665 1489 726 εὐάρματον,
1525 684 1618 725 στρ.

122 738 162 793 β’
187 743 209 781 7
233 735 488 796 εὐεργέται,
516 734 608 794 στρ.
636 736 672 781 δ’
696 740 720 779 7
742 734 994 793 εὐδείελον,
1030 738 1056 781 Ι
1078 739 1114 781 V
1139 739 1222 793 (IV)
1251 753 1346 795 στρ.
1371 736 1411 780 α’
1434 740 1459 779 2
1482 737 1618 791 ἕκατι,

125 823 220 850 αντ.
246 806 286 860 β’
311 810 336 848 2
368 806 504 860 ἕκατι,
540 822 612 848 επ.
639 805 678 848 α’
703 809 728 848 6
751 806 994 861 Φυλακίδᾳ,
1030 822 1103 848 επ.
1128 805 1164 861 γ’
1190 809 1214 848 6
1239 806 1482 861 Φυλακίδᾳ.
1531 804 1624 846 Θά-

123 876 243 917 λεια
273 881 414 918 autem
445 874 674 928 respondet
690 874 897 917 vocabulo
918 874 1115 929 strophae
1134 874 1416 927 βασίλειαι.
1464 873 1624 924 Quam-

123 943 265 985 obrem
302 943 392 985 veri
430 954 514 984 non
551 945 618 984 est
656 941 863 984 dissimile
897 941 1127 984 Pindarum
1166 941 1418 984 vocabulum
1453 938 1620 982 Θάλεια

121 1010 182 1053 ita
210 1010 416 1065 posuisse,
453 1014 499 1052 ut
526 1009 572 1051 in
602 1009 867 1064 antistropha
896 1008 1077 1052 eundem
1107 1010 1245 1052 locum
1274 1013 1459 1062 teneret,
1494 1021 1619 1062 quem

123 1076 169 1120 in
200 1077 372 1134 stropha
400 1081 516 1120 tenet
544 1077 784 1131 βασίλειαι.
838 1075 960 1129 Quod
989 1076 1026 1120 si
1055 1090 1202 1120 verum
1232 1080 1308 1130 est,
1344 1088 1494 1120 versus
1513 1076 1622 1119 alter

121 1149 163 1188 et
183 1146 333 1188 tertius
354 1145 639 1200 coniungendi
658 1149 770 1199 sunt,
796 1160 842 1187 τε
862 1145 973 1187 inter
991 1145 1199 1188 vocabula
1217 1137 1385 1187 Θάλεια
1405 1149 1447 1187 et
1468 1143 1619 1199 ἐρασί-

121 1213 266 1267 μολπε
297 1212 401 1256 eliso

725 1291 756 1295 —
801 1279 809 1289 Ι

784 1295 818 1311 Α

192 1303 1169 1323 -ψυ-υ-υ-ψυ-υυυψ-υυ-υ-
1192 1304 1617 1323 υυυυυυυυυ

236 1385 329 1426 στρ.
365 1363 399 1412 ὦ
427 1371 623 1427 λιπαρᾶς
653 1367 850 1426 ἀοίδιμοι
877 1372 1103 1425 βασίλειαι
1132 1369 1326 1427 Χάριτες
1351 1367 1622 1426 Ὀρχομενοῦ

449 1436 739 1496 παλαιγόνων
768 1443 952 1484 Μινυᾶν
983 1438 1236 1493 ἐπίσκοποι,

235 1523 331 1550 αντ.
356 1507 516 1557 παῖδες
537 1506 726 1550 ἐπάκοοι
745 1520 778 1539 υ
793 1533 822 1538 -
839 1520 873 1539 υ
895 1507 1063 1551 Θάλειά
1083 1505 1123 1549 τ’
1152 1507 1439 1564 ἐρασίμολπε,
1473 1507 1620 1549 ἰδοῖσα

450 1574 578 1620 τόνδε
608 1581 757 1631 κῶμον
787 1574 864 1620 ἐπ’
899 1574 1074 1631 εὐμενεῖ
1103 1575 1214 1633 τύχᾳ

122 1656 301 1711 Syllaba
329 1668 486 1712 anceps
515 1656 561 1699 in
589 1655 673 1709 fine
704 1656 807 1711 coli,
855 1670 938 1712 qua
967 1656 1157 1700 eiusdem
1189 1656 1386 1700 carminis
1414 1668 1563 1700 versus
1598 1659 1611 1696 1

119 1724 301 1779 insignis
332 1729 397 1766 est
432 1724 500 1778 (cf.
529 1725 620 1777 12),
666 1725 769 1767 alibi
808 1738 976 1779 quoque
1013 1738 1096 1768 non
1135 1739 1231 1767 rara
1269 1730 1334 1768 est
1362 1725 1406 1767 in
1436 1724 1617 1779 strophis

120 1791 396 1848 logaoedicis,
432 1791 486 1834 cf.
522 1790 556 1836 0
586 1792 649 1834 IX
681 1805 748 1848 ep.
783 1795 807 1836 8

540 2019 1195 2053 υ-’κ-ιυ-υυ-υέυαι-,Ξ

121 2098 234 2150 Quid
262 2098 306 2141 in
335 2099 489 2142 lacuna
516 2098 800 2153 interciderit,
834 2099 906 2141 vix
937 2103 1048 2141 certe
1079 2098 1163 2141 dici
1191 2103 1342 2154 potest,
1376 2102 1471 2152 νῦν,
1506 2099 1620 2152 quod

118 2165 217 2209 libri
245 2166 428 2221 habent,
462 2180 545 2209 non
574 2166 882 2220 necessarium,
923 2180 1017 2210 cum
1047 2171 1247 2222 sequatur
1277 2165 1423 2209 ἰδοῖσα
1454 2164 1617 2210 τόνδε

119 2237 286 2288 κῶμον,
331 2234 512 2279 fortasse
550 2235 778 2279 insiticium
813 2239 892 2279 est.
953 2235 1312 2278 Verisimillimum
1342 2240 1484 2278 autem
1515 2235 1619 2278 mihi

118 2316 213 2346 esse
243 2302 411 2346 videtur
438 2303 706 2348 intercidisse
736 2306 923 2359 γένεσθε
954 2307 996 2347 et
1015 2303 1281 2357 scholiastas‚
1316 2317 1422 2358 quos
1442 2317 1519 2347 nos
1539 2304 1616 2346 ha-

117 2371 267 2414 bemus
296 2370 353 2413 ad
382 2370 494 2414 hunc
523 2372 686 2425 locum,
730 2372 1011 2428 Byzantinos,
1053 2371 1128 2426 qui
1161 2371 1205 2414 in
1235 2371 1355 2415 libris
1383 2385 1469 2415 non
1498 2373 1617 2427 lege—

116 2443 210 2482 rent
228 2441 430 2494 γένεσθε,
463 2439 577 2483 idem
596 2440 641 2482 in
670 2440 843 2483 scholiis
873 2439 1179 2493 antiquioribus
1208 2440 1415 2495 legerent,
1449 2454 1539 2483 rem
1558 2441 1619 2483 ita

115 2506 396 2561 intellexisse,
430 2507 553 2561 quasi
583 2509 770 2562 γένεσθε
799 2507 907 2551 illud
938 2506 1159 2562 cogitando
1181 2508 1465 2564 supplendum
1485 2513 1613 2552 esset.

117 2575 343 2618 Praeterea
381 2580 522 2618 autem
551 2575 701 2618 vitium
724 2576 872 2619 inesse
901 2575 1092 2631 suspicor
1120 2576 1164 2618 in
1195 2577 1381 2632 epitheto
1410 2577 1615 2632 languido

118 2641 392 2699 ἐρασίμολπε
422 2643 571 2687 tertiae
602 2642 796 2699 Gratiae,
830 2657 925 2688 cum
955 2644 1092 2688 altera
1120 2645 1407 2689 nominaretur
1436 2645 1616 2702 φιλησί-

116 2711 277 2763 μολπε.
327 2712 492 2755 Collato
520 2711 651 2766 igitur
679 2711 718 2753 P
738 2712 798 2754 IV
822 2714 900 2754 136
934 2716 1106 2768 Τυροῦς
1127 2711 1492 2769 ἐρασιπλοκάμου
1512 2713 1618 2756 scri-
