1751 3147
673 159 730 164 —
792 134 902 188 [213]
964 159 1021 164 -
1538 135 1582 173 11

210 258 416 302 Chr-Istius
451 263 594 302 contra
636 258 701 313 (de
732 273 777 302 re
806 258 981 302 metrica
1009 259 1077 302 ed.
1111 258 1154 300 II
1183 273 1224 313 p.
1253 260 1345 312 104)
1390 257 1589 301 elisiones

96 326 265 383 quidem
303 327 501 382 removit,
546 327 622 370 sed
651 327 834 383 quinque
865 327 968 370 locis
997 339 1146 370 versus
1175 325 1427 382 incipere-a
1445 329 1505 379 τέ,
1542 325 1591 368 δέ

95 400 138 438 et
165 399 243 450 μοι’
271 396 488 439 vocabulis
519 395 743 449 contendit,
778 409 882 450 quos
911 396 1025 438 locos
1055 395 1266 449 Bergkius
1295 399 1338 437 et
1365 395 1591 437 Mommse-

94 476 175 507 nus
204 463 493 508 emendarunt.
556 463 664 507 Sunt
691 468 831 508 autem
861 463 956 519 loci,
992 463 1046 507 de
1074 462 1226 519 quibus
1256 462 1407 518 agitur,
1443 462 1511 505 hi:

212 534 248 587 1)
283 531 317 575 0
347 533 390 574 11
420 533 473 573 29
512 532 641 587 (Chr.)

641 634 648 642 .
677 633 685 641 .
716 633 724 641 .
753 633 761 641 .
797 600 920 657 φιλεῖ

569 668 627 710 δέ
655 683 726 713 νιν
755 667 941 717 Παλλὰς
971 667 1060 710 αἰεί

94 737 217 779 Hunc
246 748 412 779 versum
443 749 537 779 cum
557 735 828 791 praecedenti
848 740 960 796 recte
982 736 1285 780 coniunxerunt
1304 735 1590 779 Mommsenus

96 809 138 846 et
157 804 384 858 Bergkius‚
418 804 462 846 in
491 804 614 848 unico
643 805 735 848 loco
754 806 961 860 parallelo
992 820 1033 847 v.
1063 808 1111 846 15
1143 838 1151 846 .
1181 837 1189 845 .
1219 837 1227 845 .
1251 802 1444 859 Ἀλφεοῦ
1465 803 1469 858 ᾖ
1494 802 1590 845 ἰαν-

97 874 197 922 θείς
221 906 229 914 .
258 905 266 913 .
294 905 322 926 .,
358 872 431 928 qui
450 873 600 916 obesse
620 872 801 926 videtur,
834 872 975 916 hiatus
1004 876 1099 928 post
1121 885 1273 915 nomen
1293 871 1506 928 proprium
1527 875 1591 914 to-

93 940 221 982 lerari
248 944 387 995 potest
415 945 488 983 aut
517 941 634 984 facili
661 942 832 995 negotio
861 937 1059 996 ᾍλφεοῗ
1094 940 1269 989 ἰανθείς
1298 940 1426 982 scribi
1461 939 1530 994 (cf.
1555 938 1589 981 0

94 1007 200 1049 XIII
240 1009 291 1049 34
337 1003 577 1050 Θεσσαλοῖ’
623 1004 699 1050 ἐπ’
742 1006 934 1064 Ἀλφεοῦ
983 1012 1025 1051 et
1061 1021 1172 1062 quae
1210 1007 1268 1050 ad
1304 1007 1415 1050 hunc
1453 1007 1588 1049 locum

92 1075 314 1119 adnotavit
341 1076 657 1132 Mommsenus).

208 1145 246 1199 2)
282 1142 317 1188 0
346 1144 411 1187 ΠΙ
442 1147 494 1186 25

556 1246 564 1254 .
595 1245 602 1254 .
637 1211 847 1269 πορευειν
875 1212 1024 1266 θυμὸς
1055 1209 1242 1269 ὥρμαιν’

416 1276 607 1337 Ἰστρίαν
635 1296 706 1324 νιν
742 1314 750 1322 .
779 1314 787 1322 .
818 1315 826 1322 .
855 1314 863 1322 .

206 1350 298 1392 Hoc
326 1350 419 1393 loco
449 1349 570 1392 elisio
598 1349 903 1392 intolerabilior
931 1363 1057 1404 quam
1076 1350 1179 1392 alibi
1200 1354 1276 1402 est,
1312 1349 1424 1404 quod
1442 1350 1487 1391 in
1507 1349 1589 1391 fine

93 1418 289 1473 strophae
319 1418 377 1460 fit.
432 1417 604 1459 Summo
632 1417 761 1471 igitur
788 1417 880 1460 iure
901 1417 1110 1460 Christius
1131 1421 1173 1460 et
1192 1418 1477 1460 Mommsenus
1497 1417 1590 1459 edi-

93 1485 243 1529 derunt
272 1481 395 1541 ὥρμα
426 1485 582 1528 codicis
612 1485 650 1527 A
679 1485 857 1529 lectione
887 1489 1070 1541 recepta.

207 1555 244 1608 3)
281 1552 319 1595 P
347 1554 407 1595 IV
441 1555 518 1595 180

342 1674 344 1679 X
480 1655 488 1663 .
555 1654 563 1662 .
592 1654 600 1662 .
634 1624 803 1674 ταχέως
833 1617 876 1664 δ’

420 1684 539 1746 ἀμφὶ
564 1692 805 1745 ·Παγγαιόυ
834 1689 1043 1743 θέμεθλα
1078 1722 1085 1729 .
1115 1722 1123 1730 .
1153 1722 1161 1730 .

206 1759 337 1801 Recte
367 1757 608 1801 Boeckhius
643 1758 802 1801 delevit
829 1758 1078 1814 particulam
1108 1758 1178 1809 δέ,
1220 1771 1347 1812 quam
1378 1758 1589 1812 Bergkius

90 1827 260 1870 retinet:
296 1840 394 1869 nam
422 1827 593 1882 saepius
623 1826 778 1869 factum
809 1831 874 1869 est
903 1831 949 1869 ut
976 1826 1186 1881 asyndeta
1214 1827 1400 1881 genuina
1428 1826 1588 1869 librarii

91 1895 140 1937 δέ
170 1894 379 1950 particula
398 1894 557 1937 inserta
576 1894 772 1949 ligarent,
807 1895 937 1937 veluti
967 1893 1002 1937 0
1022 1895 1043 1936 I
1064 1897 1113 1935 71
1140 1892 1267 1950 ἐγγὺς
1288 1891 1333 1936 δ’
1359 1892 1526 1937 ἐλθών.
1548 1929 1554 1935 .
1576 1929 1583 1935 .

89 1963 286 2006 traditum
317 1968 395 2016 est,
429 1963 502 2006 ubi
533 1962 581 2005 δέ
611 1963 690 2006 eici
720 1967 898 2006 metrum
926 1963 1056 2006 iubet.

203 2033 243 2086 4)
279 2031 313 2073 N
343 2032 402 2073 IV
433 2034 485 2072 64

295 2103 385 2154 πῦρ
417 2098 465 2140 δὲ
496 2099 749 2154 παγκρατὲς
779 2098 1147 2155 θρασυμαχάνων
1177 2097 1418 2141 τελεόντων

351 2163 515 2220 ὄνυχας
547 2163 787 2218 ὀξυτάτους
818 2163 963 2220 ἀκμάν

292 2251 344 2277 τε
377 2233 644 2279 δεινοτάτων
673 2233 860 2289 σχάσαις
892 2231 1090 2279 ὀδόντων

349 2303 512 2359 ἔγαμεν
540 2300 812 2361 ὑψιθρόνων
840 2307 949 2359 μίαν
983 2305 1235 2362 Νηρεΐδων,

87 2375 208 2417 Hanc
251 2373 475 2417 lectionem
519 2373 716 2416 traditam
761 2373 1021 2417 retinuerunt
1057 2374 1341 2418 Mommsenus
1381 2377 1424 2416 et
1463 2374 1586 2416 Chri-

88 2440 209 2495 stius,
244 2456 498 2496 quamquam
527 2455 611 2484 non
641 2442 777 2484 solum
807 2455 888 2484 vox
917 2442 1113 2485 enclitica
1137 2441 1326 2494 offendit,
1362 2442 1438 2484 sed
1459 2443 1586 2485 etiam

89 2510 258 2565 syllaba
286 2510 428 2552 brevis
459 2525 527 2563 τε,
562 2523 637 2565 pro
666 2523 751 2564 qua
780 2509 975 2553 undecim
1006 2509 1181 2552 sedibus
1211 2509 1431 2565 parallelis
1461 2510 1587 2564 longa

89 2582 216 2620 extat.
280 2578 492 2631 Bergkius
536 2583 676 2621 autem
721 2578 891 2632 longam
937 2578 1148 2633 syllabam
1187 2578 1344 2633 optime
1383 2578 1579 2631 restituit,

88 2659 182 2690 cum
212 2644 413 2688 scriberet

429 2745 438 2754 .
468 2747 476 2754 .
512 2709 658 2769 ἀκμάν
687 2710 728 2756 τ’
765 2714 768 2770 Ι
802 2706 826 2772 ἦ
858 2713 1125 2759 δεινοτάτων
1158 2747 1165 2755 .
1197 2749 1204 2756 .
1235 2748 1243 2756 .
