1751 3147
139 144 190 184 12
715 167 772 172 -
835 143 945 197 [214]
1008 167 1064 174 —

136 269 213 311 sed
253 269 441 312 elisionis
481 269 703 312 artificium
741 268 920 310 obtrusit
959 270 1100 312 versui
1139 274 1338 311 extremo.
1406 270 1637 324 Utrumque

135 336 358 380 artificium
389 337 539 381 evitari
567 341 707 393 potest
735 336 968 380 coniunctis
998 337 1192 381 versibus
1222 337 1381 381 ultimis
1411 338 1634 394 strophae:

428 391 476 435 ὦ
497 415 531 435 υ
552 429 580 434 -
603 415 670 435 vv
689 428 718 433 ..
739 414 1082 435 -------
1104 415 1186 436 υ.-
1207 416 1241 437 u
1264 404 1351 441 LV
1320 430 1350 435 -

175 471 339 527 ὄνυχας
360 470 602 525 ὀξυτάτους
624 469 770 526 ἀκμάν
789 469 829 514 τ’
854 465 879 529 ἧ
901 472 1170 517 δεινοτάτων
1190 475 1377 529 σχάσαις
1398 471 1596 520 ὀδόντων

134 542 199 584 Ex
239 541 435 585 undecim
476 541 580 585 locis
610 540 830 598 parallelis
861 553 955 584 cum
984 554 1135 584 novem
1164 543 1326 587 nullam
1357 544 1524 588 omnino
1554 544 1638 588 dif-

134 611 365 653 ficultatem
400 611 609 664 habeant,
654 625 695 652 v.
730 612 826 651 23.
893 643 901 650 .
936 609 1205 665 κατέδρακεν
1237 612 1241 666 Ι
1269 608 1555 668 εΗρακλέος.

138 677 377 722 terminatio
408 694 481 722 -εν
512 678 589 722 sub
618 677 704 722 ictu
734 677 907 764 produci
937 681 1088 761 potest,
1124 678 1233 723 sicut
1261 680 1308 723 fit
1337 680 1375 724 P
1405 682 1463 725 lV
1497 684 1574 726 184

775 757 1111 777 -------

592 850 599 858 .
631 850 640 859 .
674 813 860 859 πόθον
889 812 1095 861 ἔνδαιεν(
1096 813 1217 873 Ἡρα,

134 891 176 928 et
204 887 248 928 in
279 900 320 927 v.
347 889 398 927 47
442 885 681 928 coniectura
720 884 1018 939 amplectenda
1057 890 1143 938 est,
1187 899 1313 940 quam
1342 887 1554 942 Bergkius
1593 890 1636 931 in

132 954 317 998 editione
346 953 484 997 altera
514 952 685 1009 pretulit

192 1018 215 1063 ὁ
242 1020 590 1075 Τελαμωνιάδας
612 1017 655 1063 δ’
682 1017 843 1076 ἄτερθ’
867 1020 989 1070 Αἴας
1010 1018 1228 1075 Σαλαμῖν’
1254 1021 1344 1075 ἔχει
1365 1023 1604 1079 πατρῴαν·

250 1091 289 1146 5)
324 1089 360 1132 N
392 1090 491 1132 VIII
525 1091 577 1132 38

661 1191 818 1199 .....
855 1156 1108 1213 καλύψαιμ’

248 1226 460 1283 Bergkius
499 1240 611 1270 nunc
649 1230 812 1282 servat,
856 1226 1141 1271 Mommsenus
1182 1231 1321 1272 autem
1357 1233 1398 1272 et
1428 1229 1635 1273 Clu-istius

133 1296 363 1338 emendant
392 1296 624 1339 scribentes
655 1295 896 1349 καλύψαιν,
931 1292 1044 1349 quod
1068 1297 1163 1350 ipse
1184 1297 1394 1351 Bergkius
1414 1298 1512 1339 olim
1535 1313 1636 1340 con-

130 1363 302 1408 iecerat.

247 1435 287 1473 6.
313 1433 352 1486 7)
388 1431 414 1473 I
444 1433 546 1474 VIII
581 1433 687 1486 (VII)
727 1434 777 1472 12
808 1437 851 1474 et
881 1434 934 1474 32
970 1431 1099 1486 (Chr.)

367 1513 461 1556 στρ.
496 1498 535 1554 β’
574 1503 610 1541 1.
649 1534 656 1541 .
689 1534 694 1540 .
725 1533 732 1540 .
764 1532 772 1540 .
808 1495 921 1541 ἀλλά
953 1499 956 1555 l
990 1515 1068 1554 μοι
1097 1499 1227 1554 δεῖμα
1263 1533 1270 1541 .
1301 1534 1304 1538 .
1337 1533 1344 1540 .
1376 1535 1383 1542 .

369 1583 462 1624 στρ.
499 1567 534 1610 δ’
572 1571 609 1608 1.
649 1603 656 1610 .
684 1601 693 1610 .
724 1601 731 1608 .
761 1602 768 1609 .
805 1564 905 1610 εἶπε
952 1568 956 1623 l
990 1564 1034 1610 δ’
1069 1565 1281 1621 εὔβουλος
1315 1601 1324 1609 .
1353 1601 1360 1608 .
1390 1602 1398 1609 .
1428 1601 1436 1609 .

246 1638 337 1679 Hoc
366 1637 457 1680 loc'o
487 1648 596 1679 unus
617 1635 825 1680 Christius
856 1648 1004 1679 versus
1033 1636 1094 1679 ita
1125 1635 1350 1690 distribuit,
1386 1640 1431 1679 ut
1450 1651 1477 1679 a
1496 1641 1573 1691 μοι’
1593 1644 1635 1681 et

134 1705 182 1746 δέ
213 1705 321 1747 eliso
342 1717 490 1748 versus
510 1705 819 1758 incoharentur,
855 1705 1085 1759 Bergkium
1106 1709 1246 1748 autem
1269 1709 1312 1747 et
1330 1706 1631 1749 Mommsenum

130 1785 204 1816 eos
235 1776 348 1817 recte
379 1772 648 1816 coniunxisse
677 1772 700 1828 ξ
731 1776 771 1828 5,
807 1775 860 1814 20
892 1771 1287 1816 demonstrabimus.

833 1898 927 1954 §2-

245 1979 291 2021 Si
330 1978 467 2021 exitus
508 1991 704 2021 versuum
745 1978 978 2021 secundum
1018 1979 1190 2033 regulas
1229 1979 1271 2020 in
1307 1980 1329 2034 §
1366 1980 1633 2036 Iexpositas

132 2046 452 2090 constitutorum
483 2046 755 2103 contemplati
785 2050 977 2089 naturam
1011 2047 1269 2103 syllabarum
1298 2047 1343 2089 in
1372 2047 1455 2090 fine
1475 2047 1634 2103 posita-

131 2131 223 2158 rum
264 2116 585 2170 examinamus,
633 2115 859 2158 maximam
905 2120 1069 2171 partem
1114 2116 1333 2171 longarum
1378 2116 1629 2172 invenimus,

132 2185 264 2226 multo
285 2184 489 2226 minorem
510 2183 724 2235 brevium3
761 2197 813 2226 ex
842 2184 1042 2226 brevibus
1071 2188 1213 2226 autem
1243 2184 1449 2239 plurimae
1479 2190 1635 2227 exeunt

130 2253 172 2295 in
205 2256 518 2306 consonantem,
554 2251 837 2307 paucissimae
861 2251 907 2295 in
927 2253 1131 2296 vocalem.
1184 2252 1389 2296 Omnibus
1411 2252 1522 2295 enim
1543 2253 1632 2308 epi-

130 2321 334 2364 niciorum
374 2321 570 2364 versibus
609 2320 838 2363 secundum
874 2320 1079 2364 Boeckhii
1118 2321 1344 2364 editionem
1384 2322 1633 2376 computatis

129 2388 490 2445 deprehendimus
519 2388 786 2432 in.versibus
816 2390 926 2431 3549
955 2402 1104 2450 versus
1141 2392 1216 2433 100
1247 2393 1424 2444 tantum,
1459 2389 1531 2445 qui
1561 2404 1633 2433 ca-

130 2458 236 2501 dant
263 2459 308 2501 in
339 2458 549 2514 syllabam
582 2458 754 2500 brevem
785 2461 973 2513 apertam
1002 2458 1043 2513 (i.
1070 2471 1107 2501 e.
1132 2471 1243 2513 quae
1262 2458 1306 2500 in
1327 2458 1516 2501 vocalem
1537 2459 1634 2502 bre—

130 2540 226 2569 vem
258 2526 434 2579 desinit,
470 2526 589 2568 velut
618 2526 699 2579 τέ).
761 2525 824 2568 Ac
852 2526 1033 2581 primum
1064 2526 1234 2581 quidem
1266 2526 1395 2568 oritur
1423 2527 1630 2581 quaestio,

129 2608 228 2637 num
259 2594 367 2637 haec
396 2591 588 2637 ratio'ex
618 2596 770 2635 natura
799 2593 973 2648 linguae
1013 2606 1193 2648 graecae
1234 2593 1452 2649 proveniat
1486 2608 1541 2637 an
1578 2609 1632 2638 ex

129 2662 304 2705 consilio
334 2666 501 2717 poetae.
565 2662 867 2716 Comparemus
897 2661 1028 2716 igitur
1056 2662 1143 2704 alia
1174 2675 1332 2715 genera
1361 2675 1551 2717 poeseos,
1591 2664 1635 2705 in

128 2729 281 2787 quibus
313 2729 366 2774 de
399 2742 596 2773 versuum
629 2729 836 2773 divisione
866 2730 986 2773 nulla
1017 2733 1082 2773 est
1111 2728 1343 2784 dubitatio,
1379 2741 1427 2773 e.
1462 2744 1503 2786 g.
1536 2744 1635 2775 ,ver-
