1751 3147
705 178 763 186 -
824 155 936 209 [231]
998 177 1054 185 —
1575 157 1628 197 29

128 278 267 322 Attico
297 283 636 335 proparoxytona
663 279 734 322 vel
752 279 1126 335 properispomena
1145 278 1352 333 admittat,
1387 292 1498 334 quae
1518 280 1632 323 deri-

130 350 282 390 vantur
319 348 373 390 ab
402 346 626 390 adiectivis
654 346 699 389 in
727 362 823 404 -ης,
866 347 985 390 velut
1014 342 1225 404 ἀλήθεια,
1270 344 1495 404 Ἀτρέκεια
1526 352 1625 402 etc.‚

131 419 205 464 aut
242 428 269 457 a
305 413 553 458 masculinis
591 414 636 456 in
664 429 761 468 -υς,
805 414 923 457 velut
950 412 1114 471 θήλεια
1144 429 1171 457 a
1200 414 1363 471 θῆλυς,
1406 413 1572 458 θάλεια
1602 429 1629 458 a

130 479 307 532 *θάλος
323 482 386 538 (P),
422 481 601 537 γλυκεῖα
630 495 658 524 a
686 480 859 537 γλυκύς,
895 486 976 525 etc.

245 573 311 626 17)
346 571 384 614 P
414 572 495 614 VII
528 574 595 613 19.

613 636 660 681 ὦ
681 661 715 681 υ
735 674 764 688 ,-
785 661 853 681 w
875 662 911 685 1-
930 654 979 690 ᾤ
999 661 1082 691 ψ’-
1104 663 1138 682 υ

245 717 427 775 φθόνον
458 714 754 772 ἀμειβόμενον
783 716 838 760 τὰ
868 716 982 761 καλὰ
1013 718 1119 776 ἔργα
1152 720 1156 775 1
1191 723 1329 776 φαντί
1358 736 1405 776 γε
1440 755 1449 763 .
1478 755 1487 763 .

128 796 211 848 Qui
245 810 395 840 versus
433 811 527 840 cum
567 798 623 840 sit
657 797 807 841 tertius
846 798 974 854 epodi
1021 799 1240 853 carminis,
1291 800 1404 854 quod
1446 813 1501 844 ex
1545 815 1627 844 uno

129 870 360 919 systemate
410 869 588 917 constat,
643 865 751 907 nihil
788 866 929 908 obstat
965 866 1188 919 quominus
1228 867 1352 909 aliter
1388 867 1628 911 dividamus

125 945 285 986 versus,
322 946 361 976 e.
395 946 439 987 g.
473 945 555 975 slc:

241 1013 952 1045 ῶυ-ψψι-ωυ-υᾴψυ-

242 1077 423 1135 φθόνον
454 1074 750 1133 ἀμειβόμενον
779 1078 833 1121 τὰ
863 1078 977 1121 καλὰ
1007 1079 1128 1136 ἔργα.
1178 1084 1316 1136 φαντί
1345 1090 1392 1137 γε
1422 1080 1512 1135 μάν

240 1183 269 1188 -
292 1159 321 1189 -'
342 1169 376 1189 υ
395 1185 420 1189 -
444 1170 477 1189 υ
497 1160 527 1189 ..'.
548 1169 615 1189 υυ
634 1184 662 1188 -

225 1222 355 1269 ὀὕτω
386 1242 462 1269 κεν
492 1222 620 1283 ἀνδρὶ
649 1229 941 1283 παρμονίμαν

240 1330 268 1336 ,-
292 1308 321 1335 -’
342 1318 375 1336 υ
398 1318 434 1340 μ
453 1307 484 1336 -’
503 1317 570 1336 W
590 1330 619 1335 -

241 1372 494 1416 θάλλοισαν
523 1369 812 1428 εὐδαιμονίαν
845 1407 853 1415 .
883 1407 891 1415 .
921 1407 929 1415 .

126 1453 248 1505 Quod
278 1454 316 1496 si
338 1458 453 1496 recte
472 1453 781 1509 proposuimus,
817 1454 969 1507 elucet,
1004 1467 1129 1507 quam
1153 1454 1287 1497 fallax
1305 1455 1509 1498 indicium
1529 1470 1625 1499 ver-

124 1534 244 1565 suum
276 1520 596 1564 dividendorum
628 1521 683 1564 sit
711 1521 1004 1577 interpunctio.

241 1612 304 1665 18)
340 1611 377 1653 N
406 1610 508 1653 VIII
541 1613 605 1652 16.

385 1691 1365 1726 „cl-,LWL-nu-u-'W-mm-*g

125 1772 303 1819 Δείνιος
334 1769 496 1812 δισσῶν
527 1768 720 1812 σταδίων
749 1769 823 1810 καὶ
849 1766 1022 1826 πατρὸς
1044 1772 1178 1825 Μέγα
1203 1771 1427 1823 Νεμεαῖον
1448 1767 1625 1826 ἄγαλμα

124 1850 282 1892 Versus
312 1848 409 1890 finis
452 1849 701 1891 statuendus
742 1853 807 1891 est
843 1853 940 1904 post
969 1851 1117 1903 Μέγα,
1163 1849 1293 1891 verba
1334 1854 1476 1892 autem
1514 1864 1623 1905 quae

125 1922 223 1960 sunt
255 1920 481 1970 Νεμεαῖον
512 1913 688 1971 ἄγαλμα
718 1916 861 1959 versui
891 1916 1081 1971 proximo
1111 1915 1399 1971 praefigenda,
1439 1918 1552 1972 quod
1581 1918 1625 1960 in

123 1985 315 2028 omnibus
346 1983 492 2039 epodis
522 1983 614 2027 fieri
643 1988 801 2039 potest:

480 2077 522 2105 V·
557 2065 581 2103 6
615 2062 1266 2096 ᾴυ--έ-υυι-ᾼυ-υᾴ

236 2157 308 2184 επ.
335 2140 374 2183 α’
407 2144 585 2191 Δείνιος
616 2141 779 2184 δισσῶν
809 2140 1001 2183 σταδίων
1030 2142 1105 2182 καὶ
1134 2139 1305 2196 πατρὸς
1335 2145 1471 2196 Μέγα

237 2224 310 2251 επ.
334 2208 373 2262 β’
408 2207 607 2262 αἱμύλων
636 2206 800 2262 μύθων
830 2204 1087 2264 ὁμόφοιτος,
1124 2207 1405 2265 δολοφραδής

236 2291 310 2319 επ.
335 2274 370 2332 γ’
403 2275 601 2319 νώδυνον
629 2279 704 2318 καί
733 2291 799 2326 τις
829 2274 1030 2330 κάματον
1059 2279 1214 2333 θῆκεν.
1267 2269 1320 2332 ἦν
1351 2291 1398 2331 γε
1429 2275 1520 2330 μάν

477 2370 519 2399 γ,
555 2355 1337 2396 Ἱω-υυ-Ξᾴυ--ᾼυμ-

236 2450 307 2477 επ.
335 2436 374 2477 α’
411 2439 636 2488 Νεμεαῖον
667 2431 858 2489 ἄγαλμα.
913 2433 995 2477 σὺν
1024 2437 1119 2489 θεῷ
1148 2432 1231 2489 γάρ
1262 2449 1331 2476 τοι
1361 2439 1605 2491 φυτευθείς

235 2518 309 2545 επ.
333 2500 373 2556 β’
406 2500 655 2545 κακοποιὸν
685 2498 869 2552 ὄνειδος.
924 2500 952 2543 ἃ
982 2499 1031 2544 τὸ
1062 2501 1145 2555 μὲν
1174 2500 1386 2558 λαμπρὸν
1414 2505 1568 2556 βιᾶται

236 2585 310 2612 επ.
335 2569 371 2626 γ’
406 2569 647 2625 ἐπικώμιος
676 2566 814 2625 ὕμνος
845 2569 896 2627 δὴ
928 2568 1083 2624 πάλαι,
1118 2570 1194 2613 καὶ
1223 2571 1333 2627 πρὶν
1362 2574 1578 2626 γενέσθαι

233 2650 299 2693 De
329 2650 622 2694 constitutione
652 2649 850 2703 metrica,
890 2662 1019 2704 quam
1049 2649 1372 2706 supposuimus,
1417 2650 1462 2694 in
1491 2652 1625 2695 altero

120 2718 259 2774 capite
290 2718 563 2761 disseremus.
