1751 3147
127 126 182 166 22
706 145 759 150 -
824 121 936 175 [224]
997 144 1054 152 -

125 252 239 291 esset
267 251 310 290 et
338 246 563 300 genetivus
591 245 786 288 feminini
817 245 1087 299 substantivi,
1121 245 1235 300 quod
1254 249 1320 287 est
1347 240 1372 300 ἡ
1394 242 1541 299 χεράς,
1576 258 1632 286 an

125 311 529 371 προπαροξύτονον
558 317 601 356 et
628 311 897 356 accusativus
926 312 1118 356 neutrius
1137 311 1252 368 quod
1270 316 1336 356 est
1353 308 1403 354 τὸ
1423 309 1630 367 χέραδος.

124 384 262 437 Atque
291 380 562 424 Aristarchus
601 379 773 435 quidem
802 380 937 422 voluit
965 378 1175 436 χεράδος,
1219 393 1303 423 11011
1342 391 1465 423 secus
1502 384 1631 432 atque

122 451 208 493 iam
238 453 366 492 antea
393 448 660 505 Apollonius,
696 447 770 502 qui
798 447 843 491 in
862 446 1162 502 Argonauticis
1188 448 1210 490 1
1229 449 1312 491 423
1343 446 1514 503 scripsit
1541 449 1633 500 βω-
1667 461 1669 464 ·

122 514 210 571 μὸν
243 514 434 573 χεράδος
469 513 750 573 περινήνεον.
814 516 976 558 Tamen
1013 515 1198 559 editores
1236 515 1409 559 Homeri
1446 529 1630 571 προπα-

122 583 367 642 ροξύτονον
403 584 616 628 retinuere
654 582 866 640 χέραδος,
903 583 1022 642 „quod
1061 583 1380 628 commendatur
1417 582 1630 628 adiecfivo

121 652 268 696 addito
289 655 466 710 μυρίον,
500 652 658 709 quippe
689 652 802 706 quod
830 665 916 695 non
946 651 1074 696 facile
1103 652 1207 695 addi
1235 653 1420 709 potuerit
1449 653 1506 696 ad
1532 647 1632 702 ἅλις

119 712 324 777 χεράδος.
401 720 549 775 Magni
586 733 685 763 vero
725 719 925 763 momenti
963 720 1074 764 illud
1114 725 1202 775 est,
1252 721 1364 775 quod
1401 720 1632 763 scholiasta

121 788 298 832 Homeri
326 788 556 845 praecipit:
593 786 641 830 τὸ
673 783 863 844 χέραδος
885 783 1121 844 οὐδέτερον
1141 786 1554 845 προπαροξυτόνως
1575 782 1635 837 ὡς

122 855 328 906 κίναδος·
373 856 448 898 καὶ
477 855 774 911 Πίνδαρος
812 854 859 897 δὲ
899 854 980 912 τὴν
1014 855 1193 913 δοτικὴν
1223 855 1424 914 ἐξήνεγκε
1460 854 1629 912 χερά-

123 924 148 966 δ
159 940 206 966 ει
237 919 295 973 ὡς
314 926 512 979 μεγέθει,
549 936 729 978 quocum
748 919 1088 978 Etymologicum
1108 924 1311 980 Magnum
1331 925 1428 967 808.
1455 925 1507 965 32
1530 936 1629 966 con-

122 992 251 1036 sentit
285 996 328 1035 et
355 991 624 1046 Eustathius‚
670 991 742 1046 qui
776 983 883 1034 1238
925 1005 978 1035 ex
1013 992 1276 1048 Pythionicis
1316 992 1439 1036 affert
1478 989 1634 1048 χεράδι

122 1058 354 1116 παμφόρῳ
395 1060 606 1114 simulque
645 1057 825 1115 χεράδει
862 1060 950 1114 legi
990 1073 1116 1115 posse
1145 1061 1280 1104 addit.
1342 1060 1461 1112 Quae
1490 1059 1635 1102 omnia

122 1142 216 1171 cum
247 1128 401 1170 afferat
429 1127 641 1182 Bergkius
671 1127 715 1170 in
745 1127 1021 1171 adnotatione
1051 1128 1108 1171 ad
1136 1128 1258 1171 illum
1288 1128 1460 1171 Pindari
1490 1128 1628 1170 locum

120 1195 292 1248 addita,
334 1195 571 1238 rectissime
602 1199 747 1237 censet
775 1193 933 1251 χεράδι
961 1195 1008 1237 in
1037 1195 1268 1238 Pindarum
1297 1195 1504 1238 intrusum
1533 1207 1633 1237 esse

120 1264 175 1305 ab
204 1262 450 1305 Aristarcho
480 1262 550 1305 vel
581 1263 635 1305 ab
665 1261 751 1304 alio
772 1262 1075 1316 Alexandrino,
1110 1262 1182 1317 qui
1211 1263 1256 1304 in
1285 1262 1467 1305 Homero
1497 1260 1626 1317 χερά-

120 1330 196 1380 δος
241 1330 502 1385 agnovisset.
574 1330 715 1383 Atque
753 1329 978 1384 genetivus
1019 1330 1274 1373 substantivi
1311 1329 1500 1386 χέραδος
1539 1343 1630 1372 ser-

119 1403 243 1440 vatus
273 1402 340 1440 est
367 1397 412 1439 in
441 1397 599 1440 tabulis
629 1397 984 1440 Heracleensibus
1009 1397 1030 1439 I
1054 1399 1104 1438 12
1136 1396 1369 1453 χαράδεος.
1432 1396 1630 1440 Redden-

120 1465 221 1508 dum
251 1465 381 1520 igitur
412 1470 477 1508 est
505 1465 690 1508 Pindaro

646 1531 879 1589 παμφόρῳ
910 1531 1103 1589 χεράδει.

236 1612 537 1666 6)PX113
601 1613 1372 1644 -ᾴυυ-.ψυ.--.-υ---ὐὲ

309 1683 451 1731 ναίεις
482 1676 781 1737 Ἀκράγαντος
812 1678 1033 1735 ἐΰδματον
1062 1678 1275 1734 κολώναν,
1312 1672 1346 1721 ὦ
1376 1676 1475 1733 ἄνα,

118 1760 178 1802 ita
208 1760 338 1814 vulgo
368 1760 528 1813 editur,
574 1773 831 1813 quamquam
863 1759 1029 1802 codices
1059 1759 1209 1813 PQR,
1253 1772 1427 1813 quorum
1466 1760 1510 1801 in
1548 1761 1634 1802 hoc

119 1827 305 1870 maxime
336 1827 521 1888 carmine
550 1827 814 1883 praestantia
844 1840 969 1871 versu
1001 1830 1024 1869 7
1058 1827 1287 1884 conspicua
1320 1832 1408 1881 est,
1453 1827 1524 1871 ubi
1563 1828 1629 1870 illi

118 1896 199 1938 soli
229 1909 283 1938 ex
313 1895 530 1939 codicibus
560 1895 746 1950 antiquis
768 1901 941 1938 servant
959 1908 1104 1938 vocem
1126 1894 1376 1951 Γοργόνων,
1412 1909 1535 1950 quam
1560 1909 1628 1938 re-

118 1962 223 2018 liqui
255 1963 474 2018 omittunt,
518 1964 724 2020 praebent
754 1955 789 2004 ὧ
819 1958 954 2014 ἄναξε
999 1967 1043 2006 et
1072 1963 1271 2019 exempla
1299 1962 1477 2018 adsunt,
1516 1976 1631 2018 quae

118 2031 410 2074 demonstrent
437 2031 670 2074 Pindarum
699 2031 939 2074 vocativum
969 2031 1093 2074 modo
1125 2029 1239 2082 ἅναξ
1266 2031 1389 2073 1110ᾱο
1421 2028 1506 2074 ἄνα
1541 2031 1632 2073 for-—

117 2111 272 2142 masse.
329 2094 443 2151 ἄναξ
472 2098 693 2143 vocativus
723 2098 881 2155 legitur
909 2098 954 2142 in
983 2098 1066 2143 fine
1096 2112 1247 2143 versus
1278 2098 1312 2142 N
1334 2099 1375 2142 X
1397 2102 1446 2142 77

314 2211 322 2218 .
353 2210 361 2218 .
396 2179 473 2220 καὶ
504 2177 601 2232 ἐμοὶ
633 2177 838 2221 θάνατον
867 2176 950 2221 σὺν
978 2175 1084 2235 τῷδ’
1119 2178 1356 2233 ἐπίτειλον,
1393 2175 1517 2231 ἄναξ,

119 2251 153 2299 ὦ
185 2254 270 2301 ἄνα
300 2258 345 2301 in
375 2257 516 2301 medio
547 2271 672 2301 versu
703 2257 742 2300 P
771 2259 836 2301 IX
866 2261 920 2300 44

323 2347 649 2367 ------
668 2336 1044 2368 -υυ---υὲ

325 2403 557 2460 ἐξερωτᾷς,
594 2420 629 2445 ω
659 2400 771 2456 ἅνα,·
804 2403 958 2460 κύριον
988 2402 1038 2453 ὃς
1068 2402 1254 2446 πάντων
1284 2404 1409 2452 τέλος

116 2471 229 2515 idem
262 2471 355 2514 sine
386 2463 421 2512 ὦ
447 2471 658 2527 particula
687 2470 722 2515 0
753 2471 861 2514 XIII
894 2474 973 2513 114

321 2562 760 2585 ---------
758 2551 812 2581 Ξ

324 2614 424 2673 ἄνα,
461 2617 700 2675 κούφοισιν
731 2617 936 2662 ἐκνεῦσαι
965 2621 1117 2672 ποσίν,

118 2685 327 2742 siquidem
358 2686 576 2730 Boeckhio
608 2686 793 2730 feliciter
813 2686 950 2730 'cessit
979 2686 1235 2729 coniectura.
