1751 3147
694 155 751 161 -
813 131 925 184 [209]
987 155 1043 161 -
1590 134 1613 171 7

122 269 296 310 quorum
327 269 522 299 numeros
553 256 614 298 sic
643 256 846 311 explicari
875 267 999 311 posse
1029 256 1148 298 dicit:

755 315 767 333 V

324 335 788 388 έυ---ἱυ--ἓέ,
824 335 1410 388 υυ-υ-’.υυ-»ψ-’-Ἷ

236 415 599 458 Continuationem
629 418 770 457 autem
800 414 1102 469 rhythmicam,
1142 428 1227 469 qua
1255 425 1401 457 versus
1430 413 1476 455 in
1505 414 1618 456 eius-

121 484 234 528 modi
265 484 368 527 locis
399 487 488 526 arte
519 496 700 527 conexos
731 495 826 526 esse
855 487 1044 539 apparet,
1080 496 1157 539 per
1180 486 1292 527 totas
1312 481 1509 538 strophas
1529 481 1619 525 fieri

122 552 386 605 coniecimus,
424 551 523 606 quia
550 551 595 593 in
624 552 742 594 nulla
772 551 944 606 stropha
973 552 1205 595 sententiae
1224 551 1451 594 incisiones
1471 550 1618 593 eodem

119 622 212 664 loeo
242 623 480 663 constanter
509 619 644 663 factas
672 618 1040 675 deprehendimus,
1080 633 1192 674 quae
1221 619 1419 668 certiores
1448 631 1524 662 nos
1553 619 1619 662 fa-

121 691 264 731 cerent
289 692 400 730 certo
420 688 511 730 loco
533 687 883 730 continuationem
903 687 1185 744 rhythmicam
1205 687 1482 742 interruptam
1503 700 1613 729 esse.

123 757 301 799 Obstare
340 769 440 798 vero
476 755 675 798 videntur
713 755 1014 799 continuationi
1050 755 1313 811 rhythmicae
1343 754 1526 798 maxime
1555 755 1619 797 illi

121 824 215 876 loci,
251 823 324 866 ubi
353 835 502 866 versus
531 823 708 877 incipiat
736 823 789 865 ab
820 823 919 877 arsi,
955 823 1331 882 cum-praecedens
1349 823 1394 865 in
1414 823 1530 865 arsin
1550 836 1621 865 ce-

120 890 284 933 ciderit.

235 959 357 1010 Quod
386 959 433 1002 fit
461 972 500 1001 e.
533 972 576 1013 g.
611 957 645 1002 0
675 959 732 1000 VI
763 963 833 1001 str.
871 962 921 1000 5:

455 1026 1343 1057 Lu——J-u-..Luu-W-kA

1112 1086 1126 1104 1

393 1107 965 1138 -ᾴυ---ζυα-ψυ..
1018 1106 1125 1137 u!

123 1257 221 1286 nam
261 1242 371 1286 duae
410 1255 528 1286 arses
568 1243 628 1286 ita
666 1247 712 1285 ut
750 1242 972 1297 rhythmus
1011 1247 1202 1285 servetur
1237 1255 1282 1285 se
1313 1242 1510 1298 excipere
1540 1257 1622 1286 non

122 1315 311 1367 possunt,
346 1311 445 1365 quia
473 1311 696 1366 rhythmus
725 1311 772 1352 fit
801 1310 1017 1364 aequabili
1047 1310 1549 1353 vicissitudinethesium
1581 1316 1624 1354 et

121 1379 293 1422 arsium.
345 1378 605 1421 Dissuadent
632 1383 773 1422 autem
803 1378 1148 1434 interruptionem
1177 1378 1365 1433 rhythmi
1384 1379 1475 1421 loco
1496 1379 1622 1422 citato

121 1448 312 1491 eiusdem
342 1447 538 1490 carminis
567 1460 715 1490 versus
746 1449 799 1489 46
830 1452 872 1490 et
902 1450 977 1489 54:

202 1550 210 1558 ·
238 1515 1012 1572 .--—'v‘=²-W—“—‘ss--'-v-—
1040 1548 1048 1556 ι
1076 1549 1084 1557 ,
1115 1549 1123 1556 ‚
1153 1549 1161 1557 .

205 1618 211 1625 .
247 1584 504 1640 ἐθρέψαντο
537 1582 773 1640 δράκοντες
805 1580 1002 1640 ἀμεμφεῖ
1022 1584 1038 1639 ΙΙ
1061 1583 1113 1638 ἰῷ
1142 1585 1359 1637 μελισσᾶν
1382 1617 1390 1625 .
1422 1617 1430 1625 .

127 1687 134 1694 .
155 1686 162 1694 .
183 1660 463 1707 ,πεμπταῖον
478 1655 784 1709 γεγεναμένον.
821 1648 919 1694 ἀλλ’
940 1651 987 1695 ἐν
1007 1652 1023 1708 ΙΙ
1045 1654 1265 1708 κέκρυπτο
1282 1649 1365 1709 γὰρ
1383 1655 1567 1708 σχοίνῳ.
1587 1687 1594 1694 .
1611 1687 1617 1694 .

122 1733 269 1786 Itaque
284 1745 338 1774 ne
352 1732 663 1774 inconstantiae
680 1731 838 1774 crimen
855 1731 1158 1774 committerem
1179 1731 1256 1774 sed
1276 1735 1322 1773 ut
1340 1732 1497 1774 talibus
1518 1746 1621 1786 quo—

123 1814 205 1855 que
226 1800 329 1844 locis
350 1799 705 1844 continuationem
735 1813 1002 1843 numerorum
1033 1812 1262 1855 servarem,
1296 1813 1432 1856 paene
1461 1799 1619 1844 invitus

122 1872 164 1911 et
193 1882 287 1910 cum
317 1881 473 1922 magna
503 1868 766 1911 cunctatione
796 1882 846 1911 eo
867 1868 1080 1910 cotidiana
1099 1868 1373 1911 meditatione
1393 1868 1621 1923 perductus

99 1985 101 1987 v
124 1951 216 1979 sum
232 1972 241 1990 ,
275 1941 322 1978 ut
351 1936 583 1979 conicerem
602 1939 759 1979 'omnes
789 1949 938 1979 versus
967 1936 1117 1979 harum
1147 1936 1436 1992 stropharum,
1476 1937 1551 1991 qui
1579 1937 1623 1979 in

125 2004 240 2047 arsin
270 2004 385 2048 exire
415 2003 673 2057 viderentur,
707 2004 769 2047 ita
792 2003 1073 2047 dimetiendos
1095 2016 1204 2059 esse,
1239 2008 1286 2047 ut
1304 2004 1473 2060 syllaba
1493 2005 1624 2060 longa

124 2073 388 2127 paenultima
417 2073 550 2115 vicem
581 2077 746 2126 gereret
775 2072 899 2114 unius
915 2072 1076 2134 pedis,
1121 2072 1270 2115 ultima
1308 2076 1449 2116 autem
1490 2063 1624 2117 thesis

213 2210 246 2251 *)
273 2210 374 2244 Inter
399 2209 552 2244 Christii
576 2212 699 2244 autem
725 2209 946 2244 sententiam
962 2235 970 2249 ,
998 2219 1080 2243 cum
1104 2209 1230 2245 verbis
1255 2212 1381 2245 utatur
1405 2209 1482 2245 his:
1517 2221 1626 2245 »man

124 2266 217 2301 wird
242 2265 357 2301 daher
381 2266 572 2301 entweder
595 2266 669 2301 den
693 2264 939 2310 angefiihrten
955 2264 1050 2300 Vers
1074 2268 1170 2301 trotz
1196 2265 1262 2300 des
1279 2265 1415 2301 Hiatus
1432 2266 1470 2300 in
1486 2277 1547 2301 vv.
1569 2268 1623 2308 35,

125 2325 179 2364 (30,
210 2323 274 2356 110
299 2323 375 2357 und
399 2326 496 2358 trotz
522 2323 590 2357 der
614 2321 888 2357 zweifelhaften
906 2322 1019 2367 Sylbe
1043 2322 1081 2357 in
1104 2333 1163 2358 vv‚
1185 2324 1240 2363 27,
1271 2323 1334 2356 102
1359 2323 1427 2358 mit
1451 2323 1533 2358 dem
1558 2321 1627 2358 fol-

122 2379 270 2422 genden
294 2378 388 2414 Vers
412 2378 641 2424 rhythmisch
665 2379 913 2420 verbinden«,
949 2378 1185 2424 nostramque
1215 2379 1255 2413 id
1288 2378 1487 2413 discrimen
1516 2379 1630 2413 inter-

125 2435 237 2478 cedit,
265 2436 452 2480 quodiille
477 2435 545 2471 hac
570 2435 732 2481 rhythmi
757 2436 1034 2471 continuatione
1060 2436 1165 2480 quasi
1181 2445 1292 2470 unum
1309 2443 1456 2471 versum
1473 2445 1520 2471 ex
1537 2436 1629 2471 duo-

127 2491 197 2525 bus
224 2493 256 2532 (2
283 2495 321 2526 et
345 2493 376 2533 3)
406 2490 505 2526 effici
529 2495 654 2536 putat,
682 2502 749 2526 nos
773 2492 887 2527 talem
912 2492 1225 2526 continuationem
1249 2492 1415 2537 rhythmi
1437 2502 1503 2537 per
1527 2496 1627 2528 totas

125 2547 295 2592 strophas
320 2558 493 2584 versuum
517 2548 765 2594 diremptione
789 2559 862 2584 non
887 2548 1035 2584 sublata
1059 2549 1359 2585 constituendam
1381 2559 1464 2586 esse
1480 2554 1629 2585 conten-

126 2604 257 2638 dimus.
309 2605 519 2640 Identidem
549 2616 738 2641 monemus
762 2606 876 2641 ictum
901 2605 1025 2647 illum,
1061 2616 1133 2650 quo
1158 2605 1343 2641 Chr-istius
1366 2608 1628 2652 paenultimam

125 2660 307 2707 syllabam
331 2672 462 2698 versus
487 2663 608 2704 tertii,
643 2663 756 2698 nimio
780 2663 818 2698 ni
843 2661 953 2698 fallor
977 2663 1175 2708 dipodicae
1199 2673 1392 2700 mensurae
1417 2674 1541 2701 amore
1566 2663 1630 2700 ad-

125 2719 269 2760 duetus,
297 2719 502 2763 insignivit,
529 2730 552 2754 a
576 2720 684 2757 nobis
709 2732 782 2755 non
806 2720 1049 2765 comprobari.
