1751 3147
696 161 752 166 —
815 137 1044 191 oeae]-
1567 135 1619 175 m

116 267 260 305 autem
290 263 360 305 lex
389 261 622 315 notissima,
656 274 710 304 ne
740 258 870 316 longa
897 261 1072 304 trisema
1101 262 1288 304 solvatur
1316 261 1361 303 in
1391 260 1500 303 duas
1523 261 1622 304 bre-

118 343 208 373 ves.
271 329 390 382 Quae
420 341 552 373 causa
578 327 749 372 videtur
777 327 925 383 fuisse,
960 341 1035 372 cur
1062 341 1201 384 neque
1229 328 1516 372 Mommsenus
1544 341 1622 371 ne—

118 412 201 453 que
221 398 431 442 Christius
459 410 609 441 versus
638 396 846 441 auderent
874 396 1144 452 coniungere.
1199 397 1380 440 Possunt
1408 410 1509 440 vero
1528 397 1623 440 lon-

118 480 201 521 gae
231 466 430 510 trisemae
459 465 595 509 vicem
625 477 774 520 gerere
804 464 916 508 duae
944 465 1097 509 breves
1126 469 1229 519 tum,
1265 477 1360 508 cum
1389 469 1488 508 ante
1508 464 1621 521 prio-

118 548 207 577 rem
235 535 407 577 brevem
437 537 678 577 constanter
705 533 957 576 vocabulum
987 532 1150 575 finitur:
1195 537 1284 576 tum
1324 532 1436 575 enim
1466 533 1621 587 longae

118 602 320 645 trisemae
350 601 619 645 substituitur
645 613 782 657 pausa
811 600 936 644 unius
966 614 1110 644 morae
1140 605 1183 644 et
1211 600 1322 644 duae
1352 601 1503 643 breves

830 679 910 703 μ

826 747 927 768 ANJK.)

120 805 257 859 Atque
285 804 332 847 id
360 804 405 846 in
434 817 561 847 versu
590 803 736 859 quinto
766 804 925 848 factum
954 816 1050 847 esse
1079 803 1228 859 negari
1258 803 1331 846 vix
1360 807 1512 859 potest.
1547 803 1618 845 ubi

119 874 164 916 in
192 874 272 916 hoc
301 877 432 916 metro

512 975 519 983 ⁶
585 975 593 983 ·
625 939 1237 974 ssv-wr-uffl-vhz

122 1015 188 1052 ter
217 1010 391 1053 solvitur
418 1009 553 1052 thesis
582 1013 745 1064 quarta,
780 1013 928 1064 quater
955 1022 1040 1051 non
1069 1008 1258 1060 solvitur,
1294 1008 1371 1050 sed
1404 1008 1465 1050 ita
1494 1012 1551 1058 ut,
1588 1008 1622 1049 si

124 1077 301 1120 solvitur
325 1076 472 1128 thesis,
507 1080 606 1119 ante
626 1089 722 1119 eam
742 1077 919 1120 verbum
938 1075 1120 1127 finiatur,
1157 1075 1270 1129 quod
1288 1073 1404 1119 idem
1423 1075 1468 1117 in
1487 1074 1625 1130 primo

121 1158 248 1188 versu
276 1144 324 1187 fit
352 1148 450 1187 ante
476 1140 668 1187 Ἑλέναν.
1444 1162 1446 1164 ·

235 1212 384 1266 Itaque
422 1212 515 1256 cola
553 1224 752 1258 versuum
781 1212 843 1255 ita
871 1211 1113 1255 dimetimur
1126 1246 1135 1263 ,
1179 1216 1226 1254 ut
1253 1225 1389 1266 pausa
1417 1211 1495 1253 illa
1524 1216 1622 1253 ante

119 1280 286 1322 initium
317 1279 398 1321 coli
427 1278 606 1322 incidat:
1005 1337 1020 1357 Ι

293 1366 1455 1422 v‚1uL-u-w-u-ut⁸-⁰ss-u-v-WE

121 1453 165 1491 et

414 1528 1335 1591 ψῡ..Η4υ-υυ-υὲΞ-υμε

240 1643 335 1684 στρ.
359 1627 398 1670 α’
433 1618 633 1671 Μοῖσαν.
668 1627 715 1671 ἐκ
745 1627 951 1684 μεγάλων
980 1628 1028 1672 δὲ
1060 1629 1065 1683 Ι
1098 1632 1284 1672 πενθῶν
1313 1629 1526 1678 λυθέντες

239 1710 333 1750 στρ.
359 1694 398 1748 β’
431 1693 513 1752 χρὴ
544 1690 587 1737 6²
623 1690 671 1738 ἐν
701 1693 1003 1739 ἑπταπύλοισι
1033 1696 1037 1752 Ι
1075 1695 1246 1752 Θήβαις
1275 1699 1502 1753 τραφέντα

238 1777 333 1818 στρ.
358 1761 394 1817 γ’
428 1761 657 1818 σώφρονές
686 1759 728 1804 τ’
763 1761 966 1818 ἐγένοντο
999 1763 1003 1816 Ι
1037 1767 1218 1806 πινυτοί
1247 1779 1293 1806 τε
1323 1762 1487 1817 θυμόν,

238 1844 333 1886 στρ.
358 1828 394 1872 δ’
427 1829 654 1873 παύσατε·
687 1832 886 1885 βροτέων
915 1830 964 1872 δὲ
997 1830 1000 1885 Ι
1033 1831 1198 1883 λεχέων
1226 1839 1411 1884 τυχοῖσα

240 1912 336 1953 στρ.
360 1895 392 1939 ε’
428 1901 593 1940 νεῦσαν
623 1893 922 1940 ἀθανάτοισιν
954 1898 957 1953 Ι
992 1896 1139 1940 ἐπέων
1168 1898 1216 1940 δὲ
1246 1898 1420 1954 καρπός

240 1979 335 2021 στρ.
362 1963 398 2017 ς’
431 1963 627 2020 Αἲγῖναν
657 1967 880 2022 σφετέραν
909 1980 956 2007 τε
989 1965 993 2020 Ι
1027 1964 1157 2021 ῥίζαν
1187 1963 1456 2023 πρόφαινεν.

239 2048 332 2089 στρ.
361 2031 395 2085 ζ’
432 2032 799 2089 πατραδελφεοῦ·
835 2029 1076 2087 ἆλί-Ι-κων
1105 2038 1166 2089 τῷ
1195 2050 1261 2084 τις
1292 2030 1433 2090 ἁβρόν

127 2101 270 2145 Semel
289 2101 419 2156 igitur
445 2101 503 2157 (in
523 2101 697 2157 stropha
713 2099 748 2154 ζ’
752 2101 763 2156 Ι
789 2101 963 2145 verbum
983 2101 1249 2145 continuatur
1267 2115 1322 2145 ex
1339 2103 1478 2158 priore
1497 2103 1542 2146 in
1561 2103 1628 2146 al-

121 2173 258 2212 terum
288 2170 441 2218 colum‚
477 2168 555 2211 sed
583 2182 666 2212 non
695 2169 765 2212 hic
793 2181 943 2212 versus
964 2169 1079 2211 solus
1100 2170 1250 2223 obstat,
1285 2170 1509 2224 quominus
1529 2184 1626 2213 ver-

125 2249 219 2279 sum
249 2236 513 2290 dividamus,
548 2237 626 2281 sed
655 2236 784 2280 etiam
813 2241 899 2281 tres
927 2237 1016 2291 illi,
1055 2237 1127 2292 qui
1156 2242 1255 2280 ante
1286 2251 1507 2281 caesuram
1536 2239 1628 2282 exi-

123 2309 213 2346 tum
241 2304 536 2359 imperfectum
564 2305 738 2356 habent,
773 2303 814 2346 α’
847 2305 908 2358 δέ,
944 2303 980 2360 γ’
1015 2304 1230 2360 ἐγένοντο,
1268 2304 1304 2357 ς’
1337 2308 1399 2347 τέ.

173 2416 176 2418 ,
239 2372 404 2423 Quibus
433 2386 487 2415 ex
506 2373 611 2416 locis
631 2372 841 2426 videmus,
876 2386 986 2428 quae
1007 2373 1246 2417 differentia
1265 2373 1501 2417 intercedat
1521 2374 1630 2418 inter

125 2452 219 2481 eam
250 2452 429 2495 pausam
458 2440 761 2495 errhythmam,
794 2454 922 2495 quam
951 2440 1031 2483 hoc
1060 2441 1152 2484 loco
1182 2441 1226 2483 in
1246 2441 1386 2484 medio
1406 2454 1534 2485 versu
1553 2442 1630 2485 de-

123 2507 426 2561 prehendimus
453 2508 519 2563 (cf.
544 2508 629 2563 11·§
653 2511 692 2562 3,
719 2510 779 2563 3),
813 2521 923 2563 quae
944 2513 1105 2552 certum
1124 2509 1326 2566 temporis
1348 2510 1533 2565 spatium
1553 2523 1630 2553 ex-

123 2574 255 2629 pleat,
289 2588 427 2630 neque
457 2577 670 2631 syllabam
698 2581 798 2619 ante
828 2589 875 2619 se
904 2577 1084 2632 positam
1114 2579 1321 2632 producat
1355 2578 1465 2632 (ideo
1491 2577 1631 2620 exitus

126 2640 398 2697 imperfectos
428 2648 526 2687 ante
556 2657 651 2687 eam
681 2657 837 2699 ponere
867 2643 1005 2698 licet),
1040 2648 1083 2687 et
1110 2658 1289 2700 pausam
1320 2645 1625 2701 arrhythmam‚

125 2721 252 2761 quam
281 2709 326 2751 in
354 2709 438 2752 fine
467 2723 665 2752 versuum
697 2723 791 2753 esse
822 2709 1068 2753 conicimus.
1132 2713 1240 2755 Ante
1280 2726 1375 2755 eam
1417 2713 1530 2756 enim
1567 2713 1632 2755 ul-
