1751 3147
136 115 190 156 48
715 140 772 147 —
835 118 948 170 [250]
1011 141 1066 148 —

140 239 320 295 gradum
350 239 697 296 significandum:
736 241 790 285 cf,
825 241 864 285 P
892 242 952 285 IV
976 243 1054 286 158
1087 241 1168 286 σὸν
1198 238 1342 294 ἄνθος
1372 232 1499 300 ἥβας-ζ
1534 242 1569 288 0
1590 244 1650 287 VI

144 311 222 352 105
243 304 398 363 ὕμνων
417 305 630 366 εὐτερπὲς
652 306 812 364 ἄνθος,
847 309 882 355 0
902 311 945 353 Π
967 314 1020 354 55
1042 307 1188 355 ἄνθεα
1209 314 1494 369 τεθρίππων,
1529 312 1564 357 0
1585 313 1650 355 ΙΧ

146 378 194 418 12
227 373 373 420 ἄνθεα
402 373 571 432 ὕμνων,
607 376 642 422 0
672 379 693 424 Ι
728 381 777 420 15
809 383 1026 433 μουσικᾶς
1058 378 1106 423 ἐν
1136 375 1279 435 ἀώτῳ.

255 463 322 520 22)
358 466 396 510 N
424 467 490 509 IX
521 470 546 510 3
605 469 858 501 Luna-w
886 469 1497 501 --έυυ-υυ-..ᾼυὲ

312 530 468 588 ὄλβιον
499 534 544 585 ἐς
573 539 782 592 Χρομίου
811 532 942 590 δῶμ’.
1006 532 1107 578 ἀλλ)
1142 536 1289 581 ἐπέων
1318 536 1480 593 γλυκὺν
1508 534 1649 591 ὕμνον

686 603 926 660 πράσσετε.

413 673 477 724 31,
514 672 590 725 2h,
626 674 703 727 2p,
740 672 838 725 3br,
878 672 938 713 11.

253 751 443 795 Offendit
471 751 610 794 exitus
638 751 927 807 imperfectus,
961 765 1044 794 non
1074 752 1199 794 modo
1224 753 1323 807 quia
1343 753 1494 796 unicus
1516 759 1582 797 est
1601 755 1645 796 in

139 819 338 872 carmine,
374 819 450 862 sed
480 819 608 862 etiam
639 819 740 874 quia
768 819 1014 862 inusitatam
1044 820 1236 863 vocalem
1267 820 1411 863 habet.
1465 821 1645 865 Senten-

136 887 237 928 tiam
277 900 377 929 vero
414 887 621 942 spectanti
661 892 840 942 apparet
879 886 983 929 satis
1022 886 1128 929 mire
1169 887 1327 930 dictum
1368 900 1464 930 esse
1503 884 1647 942 ὕμνον

138 951 380 1008 πράσσειν;
424 968 524 997 nam
565 954 602 997 si
641 967 736 997 cum
767 945 988 1009 πράσσειν
1025 954 1154 996 verbo
1193 955 1462 999 accusativus
1491 955 1643 998 obiecti

135 1021 426 1076 coniungitur,
467 1022 541 1076 qui
581 1023 830 1078 plerumque
869 1035 1100 1077 pronomen
1140 1027 1205 1065 est
1234 1023 1352 1066 velut
1382 1025 1447 1076 τί,
1491 1027 1637 1078 τοῦτο,

135 1089 203 1131 vel
235 1090 548 1132 substantivum
579 1090 781 1145 generale
811 1090 929 1132 velut
958 1089 1100 1145 ἔργον,
1137 1095 1337 1145 πρᾶγμα,
1372 1091 1410 1133 is
1440 1104 1523 1133 non
1555 1091 1643 1145 sig-

134 1155 278 1199 nificat
305 1156 351 1199 id
381 1157 496 1211 quod
526 1157 650 1212 facio,
687 1157 764 1201 sed
791 1157 837 1200 id
865 1157 991 1212 quod,
1026 1158 1096 1200 vel
1117 1171 1184 1201 me
1204 1158 1349 1213 invito,
1386 1158 1481 1201 finis
1511 1159 1642 1201 actio—

134 1224 200 1265 nis
239 1238 361 1267 meae
399 1230 486 1276 est;
530 1226 593 1268 ita
623 1240 661 1268 e.
696 1239 738 1279 g.
772 1225 811 1267 P
841 1225 883 1266 II
913 1227 967 1266 40
1007 1225 1060 1267 (10
1098 1226 1245 1268 Ixione
1286 1226 1441 1268 dicitur
1480 1224 1558 1268 τὸν
1593 1226 1642 1267 δέ

133 1289 441 1348 τετράκναμον
471 1291 637 1349 ἔπραξε
669 1291 846 1347 δεσμόν,
880 1293 910 1335 1.
935 1306 973 1336 e.
1007 1292 1127 1336 Ixion
1155 1293 1217 1336 ita
1246 1293 1347 1348 egit,
1382 1298 1429 1337 ut
1454 1294 1635 1347 (invitus)

135 1360 217 1403 sibi
247 1365 366 1404 rotae
395 1374 577 1417 poenam
609 1361 900 1405 conscisceret.
963 1361 1162 1415 Accedit,
1197 1362 1311 1416 quod
1339 1367 1435 1417 post
1463 1362 1641 1408 formam

134 1427 375 1485 πράσσετε,
411 1429 564 1484 quibus
595 1430 741 1472 Musae
771 1429 1061 1486 appellantur,
1097 1429 1285 1473 subiecto
1314 1443 1399 1473 non
1428 1430 1642 1473 nominato

134 1497 187 1540 de
219 1497 418 1540 Chromio
457 1498 615 1540 victore
644 1498 751 1540 haec
782 1497 994 1557 dicuntur:
1044 1531 1052 1539 .
1084 1530 1091 1537 .
1121 1531 1130 1538 .
1157 1496 1201 1546 ἐς
1232 1494 1352 1553 ἅρμα
1385 1495 1644 1550 ἀναβαίνων

139 1561 283 1607 αὐδὰν
312 1563 474 1619 μανύει
500 1598 507 1606 .
539 1598 546 1605 .
575 1599 583 1606 .
647 1564 766 1616 Quae
797 1564 938 1607 omnia
967 1565 1201 1620 evitantur,
1247 1566 1284 1608 si
1314 1579 1389 1622 pro
1419 1563 1642 1622 πράσσετε

136 1634 362 1677 scribimus
392 1632 644 1689 πράσσεται
674 1634 904 1676 secundum
936 1632 1123 1679 codicem
1153 1633 1206 1686 D,
1248 1634 1367 1676 cuius
1406 1639 1549 1677 tamen
1588 1634 1642 1675 li-

135 1702 323 1744 brarium
352 1701 536 1743 itacismi
566 1713 703 1743 errore
732 1701 776 1742 in
807 1713 951 1742 veram
982 1700 1205 1742 lectionem
1235 1700 1423 1743 incidere
1453 1700 1642 1757 potuisse

134 1784 219 1813 non
240 1784 366 1824 nego.
420 1767 672 1825 πράσσεται
701 1773 841 1812 autem
863 1769 932 1811 hic
950 1768 1065 1811 idem
1087 1768 1299 1823 significat
1322 1773 1448 1823 atque
1470 1768 1504 1812 0
1525 1769 1566 1810 Χ
1589 1771 1640 1810 30

723 1870 730 1878 .
759 1870 767 1878 .
803 1832 860 1885 ὡς
889 1832 1074 1891 Αὐγέαν
1105 1834 1287 1890 λάτριον

467 1901 631 1947 ἄκονθ’
666 1902 774 1946 ἑκὼν
803 1902 974 1957 μισθὸν
1002 1900 1222 1959 ὑπέρβιον

465 1971 715 2028 πράσσοιτο
751 2006 758 2014 .
788 2006 796 2014 .

132 2044 160 2084 1.
196 2056 235 2085 0.
270 2047 316 2084 111
352 2041 584 2095 (Hercules)
630 2040 775 2094 exigat
813 2040 866 2082 ab
897 2041 1049 2093 Augea
1088 2053 1365 2095 permagnum
1406 2040 1640 2095 praemium

131 2110 364 2154 servitutis.
426 2109 518 2152 Hoc
547 2122 648 2151 vero
678 2108 768 2150 loco
798 2107 1009 2151 sententia
1039 2108 1145 2153 haec
1176 2113 1259 2150 est:
1306 2124 1324 2147 »
1335 2108 1511 2162 Ibimus,
1546 2108 1641 2150 Mu—

131 2192 228 2233 sae,
271 2179 316 2220 in
354 2177 526 2220 domum
565 2176 820 2231 locupletem
851 2175 1037 2219 Chromii
1076 2176 1135 2219 ad
1164 2176 1527 2229 comissationem,
1563 2176 1640 2219 sed

130 2246 266 2301 exigit
301 2248 340 2301 (a
369 2259 437 2288 me
466 2246 536 2288 vel
567 2259 594 2287 a
623 2244 756 2299 nobis)
794 2257 979 2297 carmen,
1012 2245 1105 2287 vult
1135 2244 1245 2288 enim
1276 2244 1493 2287 victoriam
1520 2257 1638 2287 suam

130 2314 387 2357 renuntiare.
403 2331 420 2353 «
479 2313 660 2356 Videtur
689 2325 788 2367 ergo
818 2312 1028 2355 Pindarus
1057 2313 1102 2355 in
1131 2313 1212 2356 hoc
1241 2325 1407 2367 quoque
1437 2312 1636 2365 carmine,

132 2388 356 2439 postquam
386 2381 536 2425 victori
567 2393 653 2424 non
684 2380 825 2424 statim
856 2380 1044 2424 debitum
1076 2380 1225 2435 solvit,
1270 2381 1511 2424 admonitus
1545 2393 1640 2424 esse

133 2451 289 2504 debiti,
336 2450 445 2493 sicut
478 2450 572 2505 ipse
615 2448 670 2491 de
700 2448 884 2491 carmine
915 2446 950 2491 0
980 2448 1022 2490 Χ
1052 2453 1232 2491 testatur
1260 2462 1298 2489 v.
1338 2450 1362 2488 3
1393 2447 1529 2503 γλυκὺ
1558 2445 1641 2503 γὰρ

132 2515 253 2574 αὐτῷ
283 2518 417 2572 μέλος
448 2513 647 2574 ὀφείλων
678 2515 946 2559 ἑπιλέλαθα.
