<?xml version="1.0" encoding="UTF-8"?>
<!DOCTYPE html PUBLIC "-//W3C//DTD XHTML 1.0 Transitional//EN"
    "http://www.w3.org/TR/xhtml1/DTD/xhtml1-transitional.dtd">
<html xmlns="http://www.w3.org/1999/xhtml" xml:lang="en" lang="en">
 <head>
  <title>
</title>
<meta http-equiv="Content-Type" content="text/html;charset=utf-8" />
  <meta name='ocr-system' content='tesseract 3.04.00' />
  <meta name='ocr-capabilities' content='ocr_page ocr_carea ocr_par ocr_line ocrx_word'/>
</head>
<body>
  <div class='ocr_page' id='page_1' title='image "4737875_0048.png"; bbox 0 0 1751 3147; ppageno 0'>
   <div class='ocr_carea' id='block_1_1' title="bbox 91 144 1024 198">
    <p class='ocr_par' dir='ltr' id='par_1_1' title="bbox 91 144 1024 198">
     <span class='ocr_line' id='line_1_1' title="bbox 91 144 1024 198; baseline -0.013 -4"><span class='ocrx_word' id='word_1_1' title='bbox 91 144 146 184; x_wconf 84' lang='lat'><strong>42</strong></span> <span class='ocrx_word' id='word_1_2' title='bbox 673 168 729 174; x_wconf 89' lang='lat'>—</span> <span class='ocrx_word' id='word_1_3' title='bbox 792 144 904 198; x_wconf 78' lang='lat'>[244]</span> <span class='ocrx_word' id='word_1_4' title='bbox 968 167 1024 173; x_wconf 94' lang='grc'><strong>-</strong></span> 
     </span>
    </p>
   </div>
   <div class='ocr_carea' id='block_1_2' title="bbox 97 264 1661 785">
    <p class='ocr_par' dir='ltr' id='par_1_2' title="bbox 97 264 1661 785">
     <span class='ocr_line' id='line_1_2' title="bbox 99 264 1604 323; baseline -0.002 -13"><span class='ocrx_word' id='word_1_5' title='bbox 99 280 209 321; x_wconf 90' lang='lat' dir='ltr'><strong>quae</strong></span> <span class='ocrx_word' id='word_1_6' title='bbox 240 266 294 310; x_wconf 91' lang='lat' dir='ltr'><strong>de</strong></span> <span class='ocrx_word' id='word_1_7' title='bbox 325 269 374 309; x_wconf 86' lang='grc' dir='ltr'><strong>τέ</strong></span> <span class='ocrx_word' id='word_1_8' title='bbox 403 267 614 323; x_wconf 87' lang='lat' dir='ltr'><strong>particula</strong></span> <span class='ocrx_word' id='word_1_9' title='bbox 642 268 687 311; x_wconf 93' lang='lat' dir='ltr'><strong>in</strong></span> <span class='ocrx_word' id='word_1_10' title='bbox 715 267 800 310; x_wconf 90' lang='lat' dir='ltr'><strong>fine</strong></span> <span class='ocrx_word' id='word_1_11' title='bbox 825 279 976 310; x_wconf 85' lang='lat' dir='ltr'><strong>versus</strong></span> <span class='ocrx_word' id='word_1_12' title='bbox 995 266 1135 323; x_wconf 91' lang='lat' dir='ltr'><strong>posita</strong></span> <span class='ocrx_word' id='word_1_13' title='bbox 1154 266 1339 310; x_wconf 86' lang='lat' dir='ltr'><strong>vidimus</strong></span> <span class='ocrx_word' id='word_1_14' title='bbox 1359 265 1416 308; x_wconf 90' lang='lat' dir='ltr'><strong>ad</strong></span> <span class='ocrx_word' id='word_1_15' title='bbox 1437 264 1472 310; x_wconf 88' lang='lat'>0</span> <span class='ocrx_word' id='word_1_16' title='bbox 1493 266 1514 308; x_wconf 97' lang='grc' dir='ltr'>Ι</span> <span class='ocrx_word' id='word_1_17' title='bbox 1535 267 1604 318; x_wconf 88' lang='grc'><strong>64,</strong></span> 
     </span>
     <span class='ocr_line' id='line_1_3' title="bbox 97 334 1610 390; baseline -0.001 -13"><span class='ocrx_word' id='word_1_18' title='bbox 97 334 170 377; x_wconf 83' lang='lat' dir='ltr'><strong>vix</strong></span> <span class='ocrx_word' id='word_1_19' title='bbox 201 334 443 390; x_wconf 81' lang='lat' dir='ltr'><strong>suspicione</strong></span> <span class='ocrx_word' id='word_1_20' title='bbox 472 349 550 379; x_wconf 89' lang='lat' dir='ltr'><strong>nos</strong></span> <span class='ocrx_word' id='word_1_21' title='bbox 579 335 911 387; x_wconf 83' lang='lat' dir='ltr'><strong>abstinebimus,</strong></span> <span class='ocrx_word' id='word_1_22' title='bbox 957 338 1071 377; x_wconf 81' lang='grc' dir='ltr'><strong><em>ποτέ</em></strong></span> <span class='ocrx_word' id='word_1_23' title='bbox 1100 340 1143 378; x_wconf 86' lang='lat' dir='ltr'><strong>et</strong></span> <span class='ocrx_word' id='word_1_24' title='bbox 1175 338 1224 377; x_wconf 86' lang='grc' dir='ltr'><strong>τέ</strong></span> <span class='ocrx_word' id='word_1_25' title='bbox 1261 334 1491 388; x_wconf 89' lang='lat' dir='ltr'><strong>vocabula,</strong></span> <span class='ocrx_word' id='word_1_26' title='bbox 1536 334 1610 376; x_wconf 92' lang='lat' dir='ltr'><strong>ubi</strong></span> 
     </span>
     <span class='ocr_line' id='line_1_4' title="bbox 101 400 1661 458; baseline -0.001 -14"><span class='ocrx_word' id='word_1_27' title='bbox 101 401 314 445; x_wconf 86' lang='lat' dir='ltr'><strong>solitarios</strong></span> <span class='ocrx_word' id='word_1_28' title='bbox 354 401 426 445; x_wconf 86' lang='lat' dir='ltr'><strong>vel</strong></span> <span class='ocrx_word' id='word_1_29' title='bbox 463 403 609 446; x_wconf 87' lang='lat' dir='ltr'><strong>multis</strong></span> <span class='ocrx_word' id='word_1_30' title='bbox 639 402 824 446; x_wconf 87' lang='lat' dir='ltr'><strong>exitibus</strong></span> <span class='ocrx_word' id='word_1_31' title='bbox 852 402 994 457; x_wconf 85' lang='lat' dir='ltr'><strong>longis</strong></span> <span class='ocrx_word' id='word_1_32' title='bbox 1022 401 1329 458; x_wconf 82' lang='lat' dir='ltr'><strong>respondentes</strong></span> <span class='ocrx_word' id='word_1_33' title='bbox 1358 401 1499 445; x_wconf 85' lang='lat' dir='ltr'><strong>exitus</strong></span> <span class='ocrx_word' id='word_1_34' title='bbox 1527 400 1609 443; x_wconf 89' lang='lat' dir='ltr'><strong>im-</strong></span> <span class='ocrx_word' id='word_1_35' title='bbox 1659 422 1661 425; x_wconf 94' lang='lat'>·</span> 
     </span>
     <span class='ocr_line' id='line_1_5' title="bbox 100 468 1612 527; baseline -0.001 -14"><span class='ocrx_word' id='word_1_36' title='bbox 100 469 312 525; x_wconf 86' lang='lat' dir='ltr'><strong>perfectos</strong></span> <span class='ocrx_word' id='word_1_37' title='bbox 343 469 554 526; x_wconf 87' lang='lat' dir='ltr'><strong>efficiant,</strong></span> <span class='ocrx_word' id='word_1_38' title='bbox 598 471 644 514; x_wconf 91' lang='lat' dir='ltr'><strong>in</strong></span> <span class='ocrx_word' id='word_1_39' title='bbox 672 469 1015 527; x_wconf 81' lang='lat' dir='ltr'><strong>pronuntiatione</strong></span> <span class='ocrx_word' id='word_1_40' title='bbox 1043 469 1187 525; x_wconf 89' lang='lat' dir='ltr'><strong>aliquo</strong></span> <span class='ocrx_word' id='word_1_41' title='bbox 1217 470 1341 514; x_wconf 91' lang='lat' dir='ltr'><strong>modo</strong></span> <span class='ocrx_word' id='word_1_42' title='bbox 1369 468 1612 513; x_wconf 88' lang='lat' dir='ltr'><strong>modificata</strong></span> 
     </span>
     <span class='ocr_line' id='line_1_6' title="bbox 101 537 1611 595; baseline 0 -15"><span class='ocrx_word' id='word_1_43' title='bbox 101 550 222 592; x_wconf 88' lang='lat' dir='ltr'><strong>esse,</strong></span> <span class='ocrx_word' id='word_1_44' title='bbox 266 551 351 592; x_wconf 93' lang='lat' dir='ltr'><strong>quo</strong></span> <span class='ocrx_word' id='word_1_45' title='bbox 391 538 577 583; x_wconf 87' lang='lat' dir='ltr'><strong>exitibus</strong></span> <span class='ocrx_word' id='word_1_46' title='bbox 615 538 815 595; x_wconf 87' lang='lat' dir='ltr'><strong>perfectis</strong></span> <span class='ocrx_word' id='word_1_47' title='bbox 854 537 1211 593; x_wconf 81' lang='lat' dir='ltr'><strong>adaequarentur.</strong></span> <span class='ocrx_word' id='word_1_48' title='bbox 1273 539 1352 583; x_wconf 89' lang='lat' dir='ltr'><strong>Est</strong></span> <span class='ocrx_word' id='word_1_49' title='bbox 1390 541 1532 582; x_wconf 87' lang='lat' dir='ltr'><strong>autem</strong></span> <span class='ocrx_word' id='word_1_50' title='bbox 1566 537 1611 580; x_wconf 94' lang='lat' dir='ltr'><strong>in</strong></span> 
     </span>
     <span class='ocr_line' id='line_1_7' title="bbox 99 605 1612 662; baseline 0.001 -14"><span class='ocrx_word' id='word_1_51' title='bbox 99 605 207 662; x_wconf 88' lang='lat' dir='ltr'><strong>ipsis</strong></span> <span class='ocrx_word' id='word_1_52' title='bbox 226 605 404 650; x_wconf 89' lang='lat' dir='ltr'><strong>Pindari</strong></span> <span class='ocrx_word' id='word_1_53' title='bbox 434 607 691 651; x_wconf 85' lang='lat' dir='ltr'><strong>carminibus</strong></span> <span class='ocrx_word' id='word_1_54' title='bbox 720 605 948 662; x_wconf 83' lang='lat' dir='ltr'><strong>vestigium</strong></span> <span class='ocrx_word' id='word_1_55' title='bbox 979 606 1140 649; x_wconf 87' lang='lat' dir='ltr'><strong>formae</strong></span> <span class='ocrx_word' id='word_1_56' title='bbox 1169 606 1370 650; x_wconf 80' lang='lat' dir='ltr'><strong>vocabuli</strong></span> <span class='ocrx_word' id='word_1_57' title='bbox 1390 609 1502 650; x_wconf 82' lang='grc' dir='ltr'><strong><em>ποτέ</em></strong></span> <span class='ocrx_word' id='word_1_58' title='bbox 1522 618 1612 650; x_wconf 88' lang='lat' dir='ltr'><strong>ser-</strong></span> 
     </span>
     <span class='ocr_line' id='line_1_8' title="bbox 102 673 1612 730; baseline 0.001 -14"><span class='ocrx_word' id='word_1_59' title='bbox 102 678 261 727; x_wconf 89' lang='lat' dir='ltr'><strong>vatum,</strong></span> <span class='ocrx_word' id='word_1_60' title='bbox 297 686 409 728; x_wconf 91' lang='lat' dir='ltr'><strong>quae</strong></span> <span class='ocrx_word' id='word_1_61' title='bbox 439 675 618 718; x_wconf 89' lang='lat' dir='ltr'><strong>alteram</strong></span> <span class='ocrx_word' id='word_1_62' title='bbox 648 673 860 730; x_wconf 85' lang='lat' dir='ltr'><strong>syllabam</strong></span> <span class='ocrx_word' id='word_1_63' title='bbox 890 679 964 717; x_wconf 87' lang='lat' dir='ltr'><strong>aut</strong></span> <span class='ocrx_word' id='word_1_64' title='bbox 993 678 1145 717; x_wconf 90' lang='lat' dir='ltr'><strong>natura</strong></span> <span class='ocrx_word' id='word_1_65' title='bbox 1173 678 1248 717; x_wconf 90' lang='lat' dir='ltr'><strong>aut</strong></span> <span class='ocrx_word' id='word_1_66' title='bbox 1275 674 1484 730; x_wconf 86' lang='lat' dir='ltr'><strong>positione</strong></span> <span class='ocrx_word' id='word_1_67' title='bbox 1512 687 1612 730; x_wconf 90' lang='lat' dir='ltr'><strong>pro-</strong></span> 
     </span>
     <span class='ocr_line' id='line_1_9' title="bbox 101 740 846 785; baseline -0.001 -1"><span class='ocrx_word' id='word_1_68' title='bbox 101 741 294 785; x_wconf 87' lang='lat' dir='ltr'><strong>duxerit:</strong></span> <span class='ocrx_word' id='word_1_69' title='bbox 330 741 358 784; x_wconf 94' lang='lat' dir='ltr'>I</span> <span class='ocrx_word' id='word_1_70' title='bbox 388 742 409 784; x_wconf 96' lang='lat' dir='ltr'>I</span> <span class='ocrx_word' id='word_1_71' title='bbox 440 744 493 783; x_wconf 84' lang='lat'><strong>25</strong></span> <span class='ocrx_word' id='word_1_72' title='bbox 525 742 635 785; x_wconf 90' lang='lat' dir='ltr'><strong>enim</strong></span> <span class='ocrx_word' id='word_1_73' title='bbox 664 740 846 784; x_wconf 80' lang='lat' dir='ltr'><strong>traditur</strong></span> 
     </span>
    </p>
   </div>
   <div class='ocr_carea' id='block_1_3' title="bbox 593 820 1110 852">
    <p class='ocr_par' dir='ltr' id='par_1_3' title="bbox 593 820 1110 852">
     <span class='ocr_line' id='line_1_10' title="bbox 593 820 1110 852; baseline -0.002 0"><span class='ocrx_word' id='word_1_74' title='bbox 593 820 1110 852; x_wconf 54' lang='grc' dir='ltr'><strong>-ω-υυ---υὲ</strong></span> 
     </span>
    </p>
   </div>
   <div class='ocr_carea' id='block_1_4' title="bbox 462 884 1241 938">
    <p class='ocr_par' dir='ltr' id='par_1_4' title="bbox 462 884 1241 938">
     <span class='ocr_line' id='line_1_11' title="bbox 462 884 1241 938; baseline 0.001 -8"><span class='ocrx_word' id='word_1_75' title='bbox 462 890 537 931; x_wconf 86' lang='grc' dir='ltr'><strong>καὶ</strong></span> <span class='ocrx_word' id='word_1_76' title='bbox 566 890 762 937; x_wconf 74' lang='grc' dir='ltr'><strong><em>λιθίνοις</em></strong></span> <span class='ocrx_word' id='word_1_77' title='bbox 793 884 930 930; x_wconf 77' lang='grc' dir='ltr'><strong><em>ὅποτε</em></strong></span> <span class='ocrx_word' id='word_1_78' title='bbox 962 888 1131 938; x_wconf 81' lang='grc' dir='ltr'><strong><em>δίσκοις</em></strong></span> <span class='ocrx_word' id='word_1_79' title='bbox 1160 887 1241 931; x_wconf 80' lang='grc' dir='ltr'><strong><em>ἵεν.</em></strong></span> 
     </span>
    </p>
   </div>
   <div class='ocr_carea' id='block_1_5' title="bbox 101 965 1664 1840">
    <p class='ocr_par' dir='ltr' id='par_1_5' title="bbox 101 965 1664 1840">
     <span class='ocr_line' id='line_1_12' title="bbox 109 965 1611 1021; baseline -0.001 -10"><span class='ocrx_word' id='word_1_80' title='bbox 109 967 368 1021; x_wconf 85' lang='lat' dir='ltr'><strong>(Secundum</strong></span> <span class='ocrx_word' id='word_1_81' title='bbox 398 967 563 1011; x_wconf 88' lang='lat' dir='ltr'><strong>scholia</strong></span> <span class='ocrx_word' id='word_1_82' title='bbox 591 971 664 1010; x_wconf 88' lang='lat' dir='ltr'><strong>aut</strong></span> <span class='ocrx_word' id='word_1_83' title='bbox 694 967 889 1016; x_wconf 76' lang='grc' dir='ltr'><strong><em>λιθίνοις</em></strong></span> <span class='ocrx_word' id='word_1_84' title='bbox 920 965 1090 1017; x_wconf 78' lang='grc' dir='ltr'><strong><em>δίσκοις</em></strong></span> <span class='ocrx_word' id='word_1_85' title='bbox 1123 967 1394 1011; x_wconf 86' lang='lat' dir='ltr'><strong>aecusativus</strong></span> <span class='ocrx_word' id='word_1_86' title='bbox 1423 968 1611 1010; x_wconf 89' lang='lat' dir='ltr'><strong>aeolicus</strong></span> 
     </span>
     <span class='ocr_line' id='line_1_13' title="bbox 103 1030 1606 1091; baseline -0.001 -12"><span class='ocrx_word' id='word_1_87' title='bbox 103 1040 189 1090; x_wconf 84' lang='lat' dir='ltr'><strong>est,</strong></span> <span class='ocrx_word' id='word_1_88' title='bbox 234 1039 311 1079; x_wconf 91' lang='lat' dir='ltr'><strong>aut</strong></span> <span class='ocrx_word' id='word_1_89' title='bbox 339 1030 633 1091; x_wconf 84' lang='lat' dir='ltr'><strong>corrigendum</strong></span> <span class='ocrx_word' id='word_1_90' title='bbox 663 1035 869 1085; x_wconf 79' lang='grc' dir='ltr'><strong><em>λιθίνους</em></strong></span> <span class='ocrx_word' id='word_1_91' title='bbox 899 1033 1118 1090; x_wconf 84' lang='grc' dir='ltr'><strong><em>δίσκους),</em></strong></span> <span class='ocrx_word' id='word_1_92' title='bbox 1162 1034 1412 1078; x_wconf 91' lang='lat' dir='ltr'><strong>Ammonius</strong></span> <span class='ocrx_word' id='word_1_93' title='bbox 1450 1038 1606 1085; x_wconf 83' lang='lat' dir='ltr'><strong>autem,</strong></span> 
     </span>
     <span class='ocr_line' id='line_1_14' title="bbox 103 1099 1613 1160; baseline -0.001 -12"><span class='ocrx_word' id='word_1_94' title='bbox 103 1104 309 1160; x_wconf 81' lang='lat' dir='ltr'><strong>quieitat</strong></span> <span class='ocrx_word' id='word_1_95' title='bbox 338 1104 451 1148; x_wconf 91' lang='lat' dir='ltr'><strong>hune</strong></span> <span class='ocrx_word' id='word_1_96' title='bbox 479 1099 662 1159; x_wconf 50' lang='lat' dir='ltr'><strong>tersum,</strong></span> <span class='ocrx_word' id='word_1_97' title='bbox 703 1103 879 1148; x_wconf 87' lang='lat' dir='ltr'><strong>exhibet</strong></span> <span class='ocrx_word' id='word_1_98' title='bbox 908 1099 1015 1146; x_wconf 78' lang='grc' dir='ltr'><strong><em>ποτ’</em></strong></span> <span class='ocrx_word' id='word_1_99' title='bbox 1050 1099 1137 1147; x_wconf 81' lang='grc' dir='ltr'><strong>ἇνὰ</strong></span> <span class='ocrx_word' id='word_1_100' title='bbox 1167 1103 1358 1146; x_wconf 79' lang='grc' dir='ltr'><strong><em>δίσκοισι</em></strong></span> <span class='ocrx_word' id='word_1_101' title='bbox 1388 1109 1431 1148; x_wconf 89' lang='lat' dir='ltr'><strong>et</strong></span> <span class='ocrx_word' id='word_1_102' title='bbox 1458 1104 1613 1147; x_wconf 84' lang='lat' dir='ltr'><strong>Eusta-</strong></span> 
     </span>
     <span class='ocr_line' id='line_1_15' title="bbox 101 1168 1612 1227; baseline 0.001 -12"><span class='ocrx_word' id='word_1_103' title='bbox 101 1172 218 1215; x_wconf 86' lang='lat' dir='ltr'><strong>thius</strong></span> <span class='ocrx_word' id='word_1_104' title='bbox 248 1173 447 1222; x_wconf 75' lang='grc' dir='ltr'><strong><em>λιθίνοις</em></strong></span> <span class='ocrx_word' id='word_1_105' title='bbox 478 1168 650 1214; x_wconf 79' lang='grc' dir='ltr'><strong><em>ὁπόταν</em></strong></span> <span class='ocrx_word' id='word_1_106' title='bbox 679 1171 894 1214; x_wconf 85' lang='grc' dir='ltr'><strong><em>δίσκουσι.</em></strong></span> <span class='ocrx_word' id='word_1_107' title='bbox 958 1171 1082 1215; x_wconf 82' lang='lat' dir='ltr'><strong>Unde</strong></span> <span class='ocrx_word' id='word_1_108' title='bbox 1111 1171 1326 1227; x_wconf 85' lang='lat' dir='ltr'><strong>Bergkius</strong></span> <span class='ocrx_word' id='word_1_109' title='bbox 1355 1171 1400 1213; x_wconf 90' lang='lat' dir='ltr'><strong>in</strong></span> <span class='ocrx_word' id='word_1_110' title='bbox 1429 1171 1612 1216; x_wconf 85' lang='lat' dir='ltr'><strong>editione</strong></span> 
     </span>
     <span class='ocr_line' id='line_1_16' title="bbox 102 1235 1612 1285; baseline 0.001 -1"><span class='ocrx_word' id='word_1_111' title='bbox 102 1239 230 1284; x_wconf 84' lang='lat' dir='ltr'><strong>tertia</strong></span> <span class='ocrx_word' id='word_1_112' title='bbox 259 1240 440 1284; x_wconf 87' lang='lat' dir='ltr'><strong>formam</strong></span> <span class='ocrx_word' id='word_1_113' title='bbox 472 1235 646 1283; x_wconf 84' lang='grc' dir='ltr'><strong><em>ὁπόταν</em></strong></span> <span class='ocrx_word' id='word_1_114' title='bbox 672 1240 743 1283; x_wconf 84' lang='lat' dir='ltr'><strong>vel</strong></span> <span class='ocrx_word' id='word_1_115' title='bbox 775 1236 950 1283; x_wconf 76' lang='grc' dir='ltr'><strong><em>ὅποταν</em></strong></span> <span class='ocrx_word' id='word_1_116' title='bbox 978 1239 1159 1283; x_wconf 91' lang='lat' dir='ltr'><strong>coniecit</strong></span> <span class='ocrx_word' id='word_1_117' title='bbox 1186 1239 1459 1283; x_wconf 88' lang='lat' dir='ltr'><strong>Aeolensium</strong></span> <span class='ocrx_word' id='word_1_118' title='bbox 1497 1255 1612 1285; x_wconf 92' lang='lat' dir='ltr'><strong>more</strong></span> 
     </span>
     <span class='ocr_line' id='line_1_17' title="bbox 101 1304 1611 1364; baseline 0.001 -14"><span class='ocrx_word' id='word_1_119' title='bbox 101 1308 261 1351; x_wconf 89' lang='lat' dir='ltr'><strong>dictam</strong></span> <span class='ocrx_word' id='word_1_120' title='bbox 299 1321 376 1364; x_wconf 90' lang='lat' dir='ltr'><strong>pro</strong></span> <span class='ocrx_word' id='word_1_121' title='bbox 416 1304 576 1358; x_wconf 80' lang='grc' dir='ltr'><strong><em>ὅποτε,</em></strong></span> <span class='ocrx_word' id='word_1_122' title='bbox 620 1321 729 1363; x_wconf 89' lang='lat' dir='ltr'><strong>quae</strong></span> <span class='ocrx_word' id='word_1_123' title='bbox 768 1307 1007 1351; x_wconf 88' lang='lat' dir='ltr'><strong>coniectura</strong></span> <span class='ocrx_word' id='word_1_124' title='bbox 1044 1320 1299 1362; x_wconf 89' lang='lat' dir='ltr'><strong>quamquam</strong></span> <span class='ocrx_word' id='word_1_125' title='bbox 1338 1307 1384 1349; x_wconf 92' lang='lat' dir='ltr'><strong>in</strong></span> <span class='ocrx_word' id='word_1_126' title='bbox 1424 1308 1611 1352; x_wconf 89' lang='lat' dir='ltr'><strong>editione</strong></span> 
     </span>
     <span class='ocr_line' id='line_1_18' title="bbox 105 1371 1613 1431; baseline 0 -11"><span class='ocrx_word' id='word_1_127' title='bbox 105 1380 257 1431; x_wconf 88' lang='lat' dir='ltr'><strong>quarta</strong></span> <span class='ocrx_word' id='word_1_128' title='bbox 297 1389 392 1420; x_wconf 92' lang='lat' dir='ltr'><strong>cum</strong></span> <span class='ocrx_word' id='word_1_129' title='bbox 433 1371 567 1419; x_wconf 74' lang='grc' dir='ltr'><strong><em>ὅποτ’</em></strong></span> <span class='ocrx_word' id='word_1_130' title='bbox 602 1374 649 1419; x_wconf 75' lang='grc' dir='ltr'><strong>ἐκ</strong></span> <span class='ocrx_word' id='word_1_131' title='bbox 680 1375 848 1426; x_wconf 82' lang='grc' dir='ltr'><strong><em>δίσκοις</em></strong></span> <span class='ocrx_word' id='word_1_132' title='bbox 876 1374 946 1419; x_wconf 81' lang='grc' dir='ltr'><strong>ἵεν</strong></span> <span class='ocrx_word' id='word_1_133' title='bbox 973 1379 1136 1419; x_wconf 88' lang='lat' dir='ltr'><strong>mutata</strong></span> <span class='ocrx_word' id='word_1_134' title='bbox 1165 1379 1247 1428; x_wconf 88' lang='lat' dir='ltr'><strong>est,</strong></span> <span class='ocrx_word' id='word_1_135' title='bbox 1293 1375 1437 1419; x_wconf 89' lang='lat' dir='ltr'><strong>nescio</strong></span> <span class='ocrx_word' id='word_1_136' title='bbox 1466 1390 1521 1419; x_wconf 88' lang='lat' dir='ltr'><strong>an</strong></span> <span class='ocrx_word' id='word_1_137' title='bbox 1549 1377 1613 1420; x_wconf 87' lang='lat' dir='ltr'><strong>ita</strong></span> 
     </span>
     <span class='ocr_line' id='line_1_19' title="bbox 101 1440 1612 1498; baseline 0.001 -11"><span class='ocrx_word' id='word_1_138' title='bbox 101 1443 327 1487; x_wconf 86' lang='lat' dir='ltr'><strong>retinenda</strong></span> <span class='ocrx_word' id='word_1_139' title='bbox 367 1443 442 1498; x_wconf 91' lang='lat' dir='ltr'><strong>sit,</strong></span> <span class='ocrx_word' id='word_1_140' title='bbox 489 1447 537 1486; x_wconf 91' lang='lat' dir='ltr'><strong>ut</strong></span> <span class='ocrx_word' id='word_1_141' title='bbox 579 1443 738 1487; x_wconf 87' lang='lat' dir='ltr'><strong>formae</strong></span> <span class='ocrx_word' id='word_1_142' title='bbox 783 1440 921 1486; x_wconf 79' lang='grc' dir='ltr'><strong><em>ὅποτε</em></strong></span> <span class='ocrx_word' id='word_1_143' title='bbox 963 1443 1147 1486; x_wconf 86' lang='lat' dir='ltr'><strong>litteram</strong></span> <span class='ocrx_word' id='word_1_144' title='bbox 1186 1458 1213 1486; x_wconf 92' lang='grc' dir='ltr'><strong><em>ν</em></strong></span> <span class='ocrx_word' id='word_1_145' title='bbox 1250 1443 1439 1486; x_wconf 86' lang='lat' dir='ltr'><strong>additam</strong></span> <span class='ocrx_word' id='word_1_146' title='bbox 1479 1444 1612 1488; x_wconf 87' lang='lat' dir='ltr'><strong>fuisse</strong></span> 
     </span>
     <span class='ocr_line' id='line_1_20' title="bbox 106 1510 1614 1568; baseline 0.001 -14"><span class='ocrx_word' id='word_1_147' title='bbox 106 1524 415 1568; x_wconf 88' lang='lat' dir='ltr'><strong>supponamus.</strong></span> <span class='ocrx_word' id='word_1_148' title='bbox 468 1511 743 1566; x_wconf 89' lang='lat' dir='ltr'><strong>Eandemque</strong></span> <span class='ocrx_word' id='word_1_149' title='bbox 763 1510 940 1554; x_wconf 83' lang='lat' dir='ltr'><strong>formam</strong></span> <span class='ocrx_word' id='word_1_150' title='bbox 959 1510 1265 1554; x_wconf 90' lang='lat' dir='ltr'><strong>restituendam</strong></span> <span class='ocrx_word' id='word_1_151' title='bbox 1295 1524 1390 1554; x_wconf 91' lang='lat' dir='ltr'><strong>esse</strong></span> <span class='ocrx_word' id='word_1_152' title='bbox 1421 1512 1614 1568; x_wconf 88' lang='lat' dir='ltr'><strong>suspicor</strong></span> 
     </span>
     <span class='ocr_line' id='line_1_21' title="bbox 106 1577 1607 1633; baseline 0 -9"><span class='ocrx_word' id='word_1_153' title='bbox 106 1578 142 1624; x_wconf 84' lang='lat'>0</span> <span class='ocrx_word' id='word_1_154' title='bbox 171 1579 238 1623; x_wconf 93' lang='lat' dir='ltr'><strong>III</strong></span> <span class='ocrx_word' id='word_1_155' title='bbox 271 1581 339 1632; x_wconf 85' lang='lat'><strong>13,</strong></span> <span class='ocrx_word' id='word_1_156' title='bbox 372 1577 413 1622; x_wconf 91' lang='lat' dir='ltr'>P</span> <span class='ocrx_word' id='word_1_157' title='bbox 442 1578 464 1621; x_wconf 97' lang='lat' dir='ltr'>I</span> <span class='ocrx_word' id='word_1_158' title='bbox 497 1581 562 1632; x_wconf 88' lang='grc'><strong>16,</strong></span> <span class='ocrx_word' id='word_1_159' title='bbox 595 1577 636 1622; x_wconf 90' lang='lat' dir='ltr'>P</span> <span class='ocrx_word' id='word_1_160' title='bbox 663 1579 728 1622; x_wconf 90' lang='lat'><strong>111</strong></span> <span class='ocrx_word' id='word_1_161' title='bbox 758 1581 797 1633; x_wconf 89' lang='lat'><strong>5,</strong></span> <span class='ocrx_word' id='word_1_162' title='bbox 835 1581 903 1633; x_wconf 87' lang='lat'><strong>74,</strong></span> <span class='ocrx_word' id='word_1_163' title='bbox 937 1577 977 1621; x_wconf 91' lang='lat' dir='ltr'>P</span> <span class='ocrx_word' id='word_1_164' title='bbox 1006 1578 1094 1621; x_wconf 90' lang='lat' dir='ltr'><strong>XII</strong></span> <span class='ocrx_word' id='word_1_165' title='bbox 1123 1580 1148 1621; x_wconf 89' lang='lat'>6</span> <span class='ocrx_word' id='word_1_166' title='bbox 1178 1578 1224 1621; x_wconf 90' lang='lat' dir='ltr'><strong>in</strong></span> <span class='ocrx_word' id='word_1_167' title='bbox 1252 1579 1369 1622; x_wconf 89' lang='lat' dir='ltr'><strong>exitu</strong></span> <span class='ocrx_word' id='word_1_168' title='bbox 1393 1592 1607 1624; x_wconf 87' lang='lat' dir='ltr'><strong>versuum.</strong></span> 
     </span>
     <span class='ocr_line' id='line_1_22' title="bbox 104 1645 1613 1703; baseline 0 -12"><span class='ocrx_word' id='word_1_169' title='bbox 104 1647 355 1691; x_wconf 88' lang='lat' dir='ltr'><strong>Audaculus</strong></span> <span class='ocrx_word' id='word_1_170' title='bbox 384 1647 490 1690; x_wconf 92' lang='lat' dir='ltr'><strong>mihi</strong></span> <span class='ocrx_word' id='word_1_171' title='bbox 518 1647 612 1703; x_wconf 87' lang='lat' dir='ltr'><strong>ipse</strong></span> <span class='ocrx_word' id='word_1_172' title='bbox 640 1645 809 1701; x_wconf 84' lang='lat' dir='ltr'><strong>videor,</strong></span> <span class='ocrx_word' id='word_1_173' title='bbox 852 1660 947 1690; x_wconf 92' lang='lat' dir='ltr'><strong>cum</strong></span> <span class='ocrx_word' id='word_1_174' title='bbox 987 1646 1239 1690; x_wconf 89' lang='lat' dir='ltr'><strong>coniecerim</strong></span> <span class='ocrx_word' id='word_1_175' title='bbox 1277 1647 1405 1690; x_wconf 88' lang='lat' dir='ltr'><strong>etiam</strong></span> <span class='ocrx_word' id='word_1_176' title='bbox 1440 1661 1535 1691; x_wconf 92' lang='lat' dir='ltr'><strong>cum</strong></span> <span class='ocrx_word' id='word_1_177' title='bbox 1565 1652 1613 1691; x_wconf 82' lang='grc' dir='ltr'><strong>τέ</strong></span> 
     </span>
     <span class='ocr_line' id='line_1_23' title="bbox 103 1715 1612 1773; baseline 0 -13"><span class='ocrx_word' id='word_1_178' title='bbox 103 1715 314 1773; x_wconf 85' lang='lat' dir='ltr'><strong>particula</strong></span> <span class='ocrx_word' id='word_1_179' title='bbox 350 1715 452 1759; x_wconf 92' lang='lat' dir='ltr'><strong>olim</strong></span> <span class='ocrx_word' id='word_1_180' title='bbox 491 1715 683 1759; x_wconf 91' lang='lat' dir='ltr'><strong>nasalem</strong></span> <span class='ocrx_word' id='word_1_181' title='bbox 716 1715 836 1758; x_wconf 90' lang='lat' dir='ltr'><strong>illum</strong></span> <span class='ocrx_word' id='word_1_182' title='bbox 867 1728 1016 1759; x_wconf 91' lang='lat' dir='ltr'><strong>sonum</strong></span> <span class='ocrx_word' id='word_1_183' title='bbox 1045 1715 1091 1758; x_wconf 93' lang='lat' dir='ltr'><strong>in</strong></span> <span class='ocrx_word' id='word_1_184' title='bbox 1119 1715 1458 1771; x_wconf 88' lang='lat' dir='ltr'><strong>pronuntiatione</strong></span> <span class='ocrx_word' id='word_1_185' title='bbox 1488 1717 1612 1760; x_wconf 89' lang='lat' dir='ltr'><strong>audi-</strong></span> 
     </span>
     <span class='ocr_line' id='line_1_24' title="bbox 103 1783 1664 1840; baseline 0.001 -13"><span class='ocrx_word' id='word_1_186' title='bbox 103 1789 193 1827; x_wconf 91' lang='lat' dir='ltr'><strong>tum</strong></span> <span class='ocrx_word' id='word_1_187' title='bbox 223 1796 335 1839; x_wconf 89' lang='lat' dir='ltr'><strong>esse,</strong></span> <span class='ocrx_word' id='word_1_188' title='bbox 369 1783 486 1830; x_wconf 88' lang='lat' dir='ltr'><strong>licet.</strong></span> <span class='ocrx_word' id='word_1_189' title='bbox 500 1783 729 1839; x_wconf 85' lang='lat' dir='ltr'><strong>vestigium</strong></span> <span class='ocrx_word' id='word_1_190' title='bbox 760 1783 851 1827; x_wconf 89' lang='lat' dir='ltr'><strong>eius</strong></span> <span class='ocrx_word' id='word_1_191' title='bbox 880 1783 990 1827; x_wconf 90' lang='lat' dir='ltr'><strong>alias</strong></span> <span class='ocrx_word' id='word_1_192' title='bbox 1019 1783 1371 1840; x_wconf 90' lang='lat' dir='ltr'><strong>deprehenderim</strong></span> <span class='ocrx_word' id='word_1_193' title='bbox 1401 1785 1580 1828; x_wconf 92' lang='lat' dir='ltr'><strong>nullum.</strong></span> <span class='ocrx_word' id='word_1_194' title='bbox 1660 1790 1664 1793; x_wconf 85' lang='grc'><em>“</em></span> 
     </span>
    </p>
   </div>
   <div class='ocr_carea' id='block_1_6' title="bbox 102 1873 1613 2770">
    <p class='ocr_par' dir='ltr' id='par_1_6' title="bbox 102 1873 1613 2770">
     <span class='ocr_line' id='line_1_25' title="bbox 217 1873 932 1930; baseline -0.001 -13"><span class='ocrx_word' id='word_1_195' title='bbox 217 1875 256 1930; x_wconf 91' lang='grc'><strong>8)</strong></span> <span class='ocrx_word' id='word_1_196' title='bbox 294 1873 453 1918; x_wconf 85' lang='lat' dir='ltr'><strong>0V3</strong></span> <span class='ocrx_word' id='word_1_197' title='bbox 517 1873 932 1916; x_wconf 54' lang='lat' dir='ltr'><strong>..‚—&#39;v—vt-⁸—‘</strong></span> 
     </span>
     <span class='ocr_line' id='line_1_26' title="bbox 440 1949 1268 2009; baseline -0.001 -15"><span class='ocrx_word' id='word_1_198' title='bbox 440 1950 646 2007; x_wconf 82' lang='grc' dir='ltr'><strong><em>Ψαύμιός</em></strong></span> <span class='ocrx_word' id='word_1_199' title='bbox 677 1967 723 1995; x_wconf 86' lang='grc' dir='ltr'><strong>τε</strong></span> <span class='ocrx_word' id='word_1_200' title='bbox 755 1952 873 2009; x_wconf 86' lang='grc' dir='ltr'><strong><em>δῶρα</em></strong></span> <span class='ocrx_word' id='word_1_201' title='bbox 906 1953 910 2009; x_wconf 74' lang='grc' dir='ltr'>Ι</span> <span class='ocrx_word' id='word_1_202' title='bbox 945 1949 1008 2003; x_wconf 79' lang='grc' dir='ltr'><strong><em>ὅς.</em></strong></span> <span class='ocrx_word' id='word_1_203' title='bbox 1073 1953 1139 2007; x_wconf 86' lang='grc'><strong>51,</strong></span> <span class='ocrx_word' id='word_1_204' title='bbox 1180 1952 1268 1994; x_wconf 89' lang='lat' dir='ltr'><strong>lih.</strong></span> 
     </span>
     <span class='ocr_line' id='line_1_27' title="bbox 102 2031 1612 2087; baseline 0 -12"><span class='ocrx_word' id='word_1_205' title='bbox 102 2032 264 2075; x_wconf 89' lang='lat' dir='ltr'><strong>Unicus</strong></span> <span class='ocrx_word' id='word_1_206' title='bbox 305 2036 372 2075; x_wconf 89' lang='lat' dir='ltr'><strong>est</strong></span> <span class='ocrx_word' id='word_1_207' title='bbox 411 2032 551 2075; x_wconf 83' lang='lat' dir='ltr'><strong>exitus</strong></span> <span class='ocrx_word' id='word_1_208' title='bbox 587 2031 861 2087; x_wconf 87' lang='lat' dir='ltr'><strong>imperfectus</strong></span> <span class='ocrx_word' id='word_1_209' title='bbox 899 2031 945 2074; x_wconf 90' lang='lat' dir='ltr'><strong>in</strong></span> <span class='ocrx_word' id='word_1_210' title='bbox 983 2031 1170 2075; x_wconf 87' lang='lat' dir='ltr'><strong>carmine</strong></span> <span class='ocrx_word' id='word_1_211' title='bbox 1210 2034 1262 2073; x_wconf 85' lang='lat'><strong>24</strong></span> <span class='ocrx_word' id='word_1_212' title='bbox 1304 2044 1523 2086; x_wconf 89' lang='lat' dir='ltr'><strong>versuum,</strong></span> <span class='ocrx_word' id='word_1_213' title='bbox 1566 2033 1612 2075; x_wconf 91' lang='lat' dir='ltr'><strong>in</strong></span> 
     </span>
     <span class='ocr_line' id='line_1_28' title="bbox 104 2098 1612 2155; baseline 0.001 -13"><span class='ocrx_word' id='word_1_214' title='bbox 104 2099 221 2142; x_wconf 86' lang='lat' dir='ltr'><strong>exitu</strong></span> <span class='ocrx_word' id='word_1_215' title='bbox 251 2098 455 2143; x_wconf 86' lang='lat' dir='ltr'><strong>feminino</strong></span> <span class='ocrx_word' id='word_1_216' title='bbox 484 2103 529 2143; x_wconf 92' lang='lat' dir='ltr'><strong>et</strong></span> <span class='ocrx_word' id='word_1_217' title='bbox 554 2098 600 2142; x_wconf 92' lang='lat' dir='ltr'><strong>in</strong></span> <span class='ocrx_word' id='word_1_218' title='bbox 629 2114 683 2141; x_wconf 83' lang='lat' dir='ltr'><strong>-a</strong></span> <span class='ocrx_word' id='word_1_219' title='bbox 712 2099 891 2155; x_wconf 87' lang='lat' dir='ltr'><strong>pluralis</strong></span> <span class='ocrx_word' id='word_1_220' title='bbox 920 2098 1132 2154; x_wconf 88' lang='lat' dir='ltr'><strong>neutrius,</strong></span> <span class='ocrx_word' id='word_1_221' title='bbox 1177 2098 1299 2142; x_wconf 89' lang='lat' dir='ltr'><strong>cuius</strong></span> <span class='ocrx_word' id='word_1_222' title='bbox 1338 2103 1496 2143; x_wconf 86' lang='lat' dir='ltr'><strong>certum</strong></span> <span class='ocrx_word' id='word_1_223' title='bbox 1536 2113 1612 2144; x_wconf 83' lang='lat' dir='ltr'><strong>ex—</strong></span> 
     </span>
     <span class='ocr_line' id='line_1_29' title="bbox 106 2167 1613 2223; baseline 0 -13"><span class='ocrx_word' id='word_1_224' title='bbox 106 2168 294 2223; x_wconf 90' lang='lat' dir='ltr'><strong>emplum</strong></span> <span class='ocrx_word' id='word_1_225' title='bbox 322 2181 406 2210; x_wconf 92' lang='lat' dir='ltr'><strong>non</strong></span> <span class='ocrx_word' id='word_1_226' title='bbox 440 2167 584 2220; x_wconf 89' lang='lat' dir='ltr'><strong>adest;</strong></span> <span class='ocrx_word' id='word_1_227' title='bbox 629 2180 729 2210; x_wconf 89' lang='lat' dir='ltr'><strong>nam</strong></span> <span class='ocrx_word' id='word_1_228' title='bbox 758 2167 802 2209; x_wconf 93' lang='lat' dir='ltr'><strong>in</strong></span> <span class='ocrx_word' id='word_1_229' title='bbox 831 2167 1112 2223; x_wconf 86' lang='lat' dir='ltr'><strong>carminibus,</strong></span> <span class='ocrx_word' id='word_1_230' title='bbox 1153 2180 1263 2222; x_wconf 90' lang='lat' dir='ltr'><strong>quae</strong></span> <span class='ocrx_word' id='word_1_231' title='bbox 1292 2167 1494 2210; x_wconf 90' lang='lat' dir='ltr'><strong>maiorem</strong></span> <span class='ocrx_word' id='word_1_232' title='bbox 1532 2182 1613 2210; x_wconf 92' lang='lat' dir='ltr'><strong>nu-</strong></span> 
     </span>
     <span class='ocr_line' id='line_1_30' title="bbox 104 2233 1608 2292; baseline 0.001 -14"><span class='ocrx_word' id='word_1_233' title='bbox 104 2248 266 2279; x_wconf 90' lang='lat' dir='ltr'><strong>merum</strong></span> <span class='ocrx_word' id='word_1_234' title='bbox 296 2235 487 2279; x_wconf 86' lang='lat' dir='ltr'><strong>exituum</strong></span> <span class='ocrx_word' id='word_1_235' title='bbox 514 2233 856 2292; x_wconf 82' lang='lat' dir='ltr'><strong>imperfectorum</strong></span> <span class='ocrx_word' id='word_1_236' title='bbox 886 2235 1112 2289; x_wconf 88' lang='lat' dir='ltr'><strong>continent,</strong></span> <span class='ocrx_word' id='word_1_237' title='bbox 1147 2233 1182 2279; x_wconf 88' lang='lat'>0</span> <span class='ocrx_word' id='word_1_238' title='bbox 1212 2234 1269 2290; x_wconf 91' lang='lat' dir='ltr'><strong>X,</strong></span> <span class='ocrx_word' id='word_1_239' title='bbox 1303 2233 1343 2277; x_wconf 96' lang='lat' dir='ltr'>P</span> <span class='ocrx_word' id='word_1_240' title='bbox 1363 2235 1442 2289; x_wconf 90' lang='grc' dir='ltr'><strong>ΙΠ,</strong></span> <span class='ocrx_word' id='word_1_241' title='bbox 1475 2234 1515 2278; x_wconf 93' lang='lat' dir='ltr'>P</span> <span class='ocrx_word' id='word_1_242' title='bbox 1534 2236 1608 2290; x_wconf 87' lang='lat' dir='ltr'><strong>IV,</strong></span> 
     </span>
     <span class='ocr_line' id='line_1_31' title="bbox 104 2301 1612 2359; baseline 0.001 -14"><span class='ocrx_word' id='word_1_243' title='bbox 104 2302 144 2345; x_wconf 95' lang='lat' dir='ltr'>P</span> <span class='ocrx_word' id='word_1_244' title='bbox 180 2303 218 2345; x_wconf 91' lang='lat' dir='ltr'>V</span> <span class='ocrx_word' id='word_1_245' title='bbox 258 2303 366 2346; x_wconf 89' lang='lat' dir='ltr'><strong>haec</strong></span> <span class='ocrx_word' id='word_1_246' title='bbox 402 2302 643 2347; x_wconf 89' lang='lat' dir='ltr'><strong>terminatio</strong></span> <span class='ocrx_word' id='word_1_247' title='bbox 682 2316 766 2345; x_wconf 90' lang='lat' dir='ltr'><strong>non</strong></span> <span class='ocrx_word' id='word_1_248' title='bbox 804 2302 1155 2359; x_wconf 89' lang='lat' dir='ltr'><strong>deprehenditur,</strong></span> <span class='ocrx_word' id='word_1_249' title='bbox 1206 2301 1241 2346; x_wconf 89' lang='lat'>0</span> <span class='ocrx_word' id='word_1_250' title='bbox 1280 2302 1388 2345; x_wconf 91' lang='lat' dir='ltr'>XIII</span> <span class='ocrx_word' id='word_1_251' title='bbox 1418 2305 1472 2345; x_wconf 88' lang='lat'><strong>20</strong></span> <span class='ocrx_word' id='word_1_252' title='bbox 1512 2317 1612 2347; x_wconf 87' lang='lat' dir='ltr'><strong>vero</strong></span> 
     </span>
     <span class='ocr_line' id='line_1_32' title="bbox 105 2370 1613 2427; baseline 0 -13"><span class='ocrx_word' id='word_1_253' title='bbox 105 2370 335 2427; x_wconf 88' lang='lat' dir='ltr'><strong>respondet</strong></span> <span class='ocrx_word' id='word_1_254' title='bbox 362 2371 499 2414; x_wconf 88' lang='lat' dir='ltr'><strong>tribus</strong></span> <span class='ocrx_word' id='word_1_255' title='bbox 529 2370 716 2415; x_wconf 85' lang='lat' dir='ltr'><strong>exitibus</strong></span> <span class='ocrx_word' id='word_1_256' title='bbox 744 2370 1018 2427; x_wconf 77' lang='lat' dir='ltr'><strong>imperfectiS,</strong></span> <span class='ocrx_word' id='word_1_257' title='bbox 1053 2370 1288 2415; x_wconf 87' lang='lat' dir='ltr'><strong>sententiae</strong></span> <span class='ocrx_word' id='word_1_258' title='bbox 1316 2375 1459 2414; x_wconf 87' lang='lat' dir='ltr'><strong>autem</strong></span> <span class='ocrx_word' id='word_1_259' title='bbox 1482 2384 1613 2415; x_wconf 87' lang='lat' dir='ltr'><strong>causa</strong></span> 
     </span>
     <span class='ocr_line' id='line_1_33' title="bbox 106 2438 1612 2496; baseline 0.001 -14"><span class='ocrx_word' id='word_1_260' title='bbox 106 2439 343 2495; x_wconf 84' lang='lat' dir='ltr'><strong>corrigendi</strong></span> <span class='ocrx_word' id='word_1_261' title='bbox 380 2444 480 2483; x_wconf 90' lang='lat' dir='ltr'><strong>sunt</strong></span> <span class='ocrx_word' id='word_1_262' title='bbox 518 2439 599 2483; x_wconf 88' lang='lat' dir='ltr'><strong>loci</strong></span> <span class='ocrx_word' id='word_1_263' title='bbox 638 2438 676 2482; x_wconf 88' lang='lat' dir='ltr'>N</span> <span class='ocrx_word' id='word_1_264' title='bbox 713 2439 793 2482; x_wconf 93' lang='lat' dir='ltr'><strong>VII</strong></span> <span class='ocrx_word' id='word_1_265' title='bbox 831 2443 855 2482; x_wconf 88' lang='lat'>5</span> <span class='ocrx_word' id='word_1_266' title='bbox 896 2443 940 2483; x_wconf 88' lang='lat' dir='ltr'><strong>et</strong></span> <span class='ocrx_word' id='word_1_267' title='bbox 974 2441 1044 2482; x_wconf 86' lang='lat'><strong>53.</strong></span> <span class='ocrx_word' id='word_1_268' title='bbox 1112 2439 1219 2483; x_wconf 87' lang='lat' dir='ltr'><strong>Cum</strong></span> <span class='ocrx_word' id='word_1_269' title='bbox 1255 2443 1478 2496; x_wconf 87' lang='lat' dir='ltr'><strong>praeterea</strong></span> <span class='ocrx_word' id='word_1_270' title='bbox 1515 2453 1612 2483; x_wconf 86' lang='lat' dir='ltr'><strong>ver-</strong></span> 
     </span>
     <span class='ocr_line' id='line_1_34' title="bbox 107 2507 1612 2564; baseline 0.001 -13"><span class='ocrx_word' id='word_1_271' title='bbox 107 2521 179 2551; x_wconf 89' lang='lat' dir='ltr'><strong>sus</strong></span> <span class='ocrx_word' id='word_1_272' title='bbox 223 2508 422 2564; x_wconf 87' lang='lat' dir='ltr'><strong>paralleli</strong></span> <span class='ocrx_word' id='word_1_273' title='bbox 465 2508 650 2564; x_wconf 89' lang='lat' dir='ltr'><strong>quinque</strong></span> <span class='ocrx_word' id='word_1_274' title='bbox 693 2507 738 2550; x_wconf 92' lang='lat' dir='ltr'><strong>in</strong></span> <span class='ocrx_word' id='word_1_275' title='bbox 780 2508 931 2564; x_wconf 82' lang='lat' dir='ltr'><strong>longas</strong></span> <span class='ocrx_word' id='word_1_276' title='bbox 975 2513 1149 2563; x_wconf 84' lang='lat' dir='ltr'><strong>exeant,</strong></span> <span class='ocrx_word' id='word_1_277' title='bbox 1203 2507 1458 2551; x_wconf 85' lang='lat' dir='ltr'><strong>correctione</strong></span> <span class='ocrx_word' id='word_1_278' title='bbox 1506 2521 1612 2564; x_wconf 89' lang='lat' dir='ltr'><strong>opus</strong></span> 
     </span>
     <span class='ocr_line' id='line_1_35' title="bbox 108 2575 1611 2632; baseline 0.001 -14"><span class='ocrx_word' id='word_1_279' title='bbox 108 2575 274 2619; x_wconf 87' lang='lat' dir='ltr'><strong>videtur</strong></span> <span class='ocrx_word' id='word_1_280' title='bbox 302 2588 414 2619; x_wconf 87' lang='lat' dir='ltr'><strong>esse.</strong></span> <span class='ocrx_word' id='word_1_281' title='bbox 467 2576 600 2620; x_wconf 84' lang='lat' dir='ltr'><strong>Cuius</strong></span> <span class='ocrx_word' id='word_1_282' title='bbox 629 2575 856 2631; x_wconf 86' lang='lat' dir='ltr'><strong>vestigium</strong></span> <span class='ocrx_word' id='word_1_283' title='bbox 885 2576 1029 2619; x_wconf 87' lang='lat' dir='ltr'><strong>nescio</strong></span> <span class='ocrx_word' id='word_1_284' title='bbox 1058 2589 1114 2619; x_wconf 89' lang='lat' dir='ltr'><strong>an</strong></span> <span class='ocrx_word' id='word_1_285' title='bbox 1143 2576 1376 2632; x_wconf 89' lang='lat' dir='ltr'><strong>praebeant</strong></span> <span class='ocrx_word' id='word_1_286' title='bbox 1405 2576 1611 2620; x_wconf 89' lang='lat' dir='ltr'><strong>scholium</strong></span> 
     </span>
     <span class='ocr_line' id='line_1_36' title="bbox 108 2641 1613 2701; baseline 0.001 -15"><span class='ocrx_word' id='word_1_287' title='bbox 108 2648 251 2687; x_wconf 81' lang='lat' dir='ltr'><strong>vetus:</strong></span> <span class='ocrx_word' id='word_1_288' title='bbox 287 2644 420 2698; x_wconf 85' lang='grc' dir='ltr'><strong><em>δέχου</em></strong></span> <span class='ocrx_word' id='word_1_289' title='bbox 449 2644 498 2687; x_wconf 78' lang='grc' dir='ltr'><strong>δὲ</strong></span> <span class='ocrx_word' id='word_1_290' title='bbox 527 2642 577 2687; x_wconf 83' lang='grc' dir='ltr'><strong>τὸ</strong></span> <span class='ocrx_word' id='word_1_291' title='bbox 598 2648 774 2687; x_wconf 81' lang='grc' dir='ltr'><strong><em>τοιοῦτο</em></strong></span> <span class='ocrx_word' id='word_1_292' title='bbox 796 2643 939 2701; x_wconf 87' lang='grc' dir='ltr'><strong><em>δῶρον</em></strong></span> <span class='ocrx_word' id='word_1_293' title='bbox 959 2643 1138 2701; x_wconf 80' lang='grc' dir='ltr'><strong><em>φαιδρῷ</em></strong></span> <span class='ocrx_word' id='word_1_294' title='bbox 1156 2641 1387 2701; x_wconf 82' lang='grc' dir='ltr'><strong><em>προσώπῳ</em></strong></span> <span class='ocrx_word' id='word_1_295' title='bbox 1417 2649 1460 2688; x_wconf 86' lang='lat' dir='ltr'><strong>et</strong></span> <span class='ocrx_word' id='word_1_296' title='bbox 1489 2645 1613 2688; x_wconf 81' lang='lat' dir='ltr'><strong>scho-</strong></span> 
     </span>
     <span class='ocr_line' id='line_1_37' title="bbox 106 2712 1613 2770; baseline 0.001 -16"><span class='ocrx_word' id='word_1_297' title='bbox 106 2712 209 2755; x_wconf 91' lang='lat' dir='ltr'><strong>lium</strong></span> <span class='ocrx_word' id='word_1_298' title='bbox 239 2725 400 2765; x_wconf 79' lang='lat' dir='ltr'><strong>recens,</strong></span> <span class='ocrx_word' id='word_1_299' title='bbox 436 2712 556 2756; x_wconf 90' lang='lat' dir='ltr'><strong>cuius</strong></span> <span class='ocrx_word' id='word_1_300' title='bbox 585 2716 731 2756; x_wconf 89' lang='lat' dir='ltr'><strong>auctor</strong></span> <span class='ocrx_word' id='word_1_301' title='bbox 759 2712 865 2767; x_wconf 88' lang='lat' dir='ltr'><strong>legit</strong></span> <span class='ocrx_word' id='word_1_302' title='bbox 893 2712 1064 2768; x_wconf 90' lang='lat' dir='ltr'><strong>quidem</strong></span> <span class='ocrx_word' id='word_1_303' title='bbox 1095 2712 1214 2770; x_wconf 85' lang='grc' dir='ltr'><strong><em>δῶρα</em></strong></span> <span class='ocrx_word' id='word_1_304' title='bbox 1243 2713 1287 2755; x_wconf 91' lang='lat' dir='ltr'><strong>in</strong></span> <span class='ocrx_word' id='word_1_305' title='bbox 1306 2717 1439 2768; x_wconf 88' lang='lat' dir='ltr'><strong>textu,</strong></span> <span class='ocrx_word' id='word_1_306' title='bbox 1474 2713 1613 2769; x_wconf 85' lang='lat' dir='ltr'><strong>expli-</strong></span> 
     </span>
    </p>
   </div>
  </div>
 </body>
</html>
