<?xml version="1.0" encoding="UTF-8"?>
<!DOCTYPE html PUBLIC "-//W3C//DTD XHTML 1.0 Transitional//EN"
    "http://www.w3.org/TR/xhtml1/DTD/xhtml1-transitional.dtd">
<html xmlns="http://www.w3.org/1999/xhtml" xml:lang="en" lang="en">
 <head>
  <title>
</title>
<meta http-equiv="Content-Type" content="text/html;charset=utf-8" />
  <meta name='ocr-system' content='tesseract 3.04.00' />
  <meta name='ocr-capabilities' content='ocr_page ocr_carea ocr_par ocr_line ocrx_word'/>
</head>
<body>
  <div class='ocr_page' id='page_1' title='image "4737875_0034.png"; bbox 0 0 1751 3147; ppageno 0'>
   <div class='ocr_carea' id='block_1_1' title="bbox 122 116 1050 172">
    <p class='ocr_par' dir='ltr' id='par_1_1' title="bbox 122 116 1050 172">
     <span class='ocr_line' id='line_1_1' title="bbox 122 116 1050 172; baseline -0.013 -4"><span class='ocrx_word' id='word_1_1' title='bbox 122 116 175 158; x_wconf 82' lang='lat'><strong>28</strong></span> <span class='ocrx_word' id='word_1_2' title='bbox 700 142 756 148; x_wconf 87' lang='lat'>—</span> <span class='ocrx_word' id='word_1_3' title='bbox 818 117 930 172; x_wconf 80' lang='lat'><strong>[230]</strong></span> <span class='ocrx_word' id='word_1_4' title='bbox 993 141 1050 147; x_wconf 88' lang='lat'><strong>--</strong></span> 
     </span>
    </p>
   </div>
   <div class='ocr_carea' id='block_1_2' title="bbox 87 240 1628 1112">
    <p class='ocr_par' dir='ltr' id='par_1_2' title="bbox 87 240 1628 1112">
     <span class='ocr_line' id='line_1_2' title="bbox 119 240 1628 298; baseline 0 -14"><span class='ocrx_word' id='word_1_5' title='bbox 119 241 306 284; x_wconf 85' lang='lat' dir='ltr'>bendum</span> <span class='ocrx_word' id='word_1_6' title='bbox 336 254 432 285; x_wconf 83' lang='lat' dir='ltr'><strong>esse</strong></span> <span class='ocrx_word' id='word_1_7' title='bbox 462 242 622 285; x_wconf 90' lang='lat' dir='ltr'><strong>conicio</strong></span> <span class='ocrx_word' id='word_1_8' title='bbox 651 241 936 297; x_wconf 80' lang='grc' dir='ltr'><strong><em>ὲρασίκολπε,</em></strong></span> <span class='ocrx_word' id='word_1_9' title='bbox 971 242 1190 298; x_wconf 82' lang='lat' dir='ltr'><strong>epitheton</strong></span> <span class='ocrx_word' id='word_1_10' title='bbox 1218 245 1365 297; x_wconf 90' lang='lat' dir='ltr'><strong>aptum</strong></span> <span class='ocrx_word' id='word_1_11' title='bbox 1394 241 1487 284; x_wconf 83' lang='lat' dir='ltr'><strong>eius</strong></span> <span class='ocrx_word' id='word_1_12' title='bbox 1516 240 1628 284; x_wconf 84' lang='lat' dir='ltr'><strong>Gra-</strong></span> 
     </span>
     <span class='ocr_line' id='line_1_3' title="bbox 119 306 1628 366; baseline -0.001 -13"><span class='ocrx_word' id='word_1_13' title='bbox 119 309 227 362; x_wconf 82' lang='lat' dir='ltr'>tiae,</span> <span class='ocrx_word' id='word_1_14' title='bbox 274 322 384 364; x_wconf 87' lang='lat' dir='ltr'><strong>quae</strong></span> <span class='ocrx_word' id='word_1_15' title='bbox 418 306 587 352; x_wconf 85' lang='grc' dir='ltr'><strong><em>Θάλεια</em></strong></span> <span class='ocrx_word' id='word_1_16' title='bbox 616 310 647 353; x_wconf 91' lang='grc'><strong>1.</strong></span> <span class='ocrx_word' id='word_1_17' title='bbox 680 323 721 353; x_wconf 87' lang='grc'>0.</span> <span class='ocrx_word' id='word_1_18' title='bbox 753 307 905 353; x_wconf 88' lang='lat' dir='ltr'><strong>florida</strong></span> <span class='ocrx_word' id='word_1_19' title='bbox 933 310 1199 366; x_wconf 87' lang='lat' dir='ltr'><strong>appellatur,</strong></span> <span class='ocrx_word' id='word_1_20' title='bbox 1239 308 1447 365; x_wconf 79' lang='lat' dir='ltr'><strong>siquidem</strong></span> <span class='ocrx_word' id='word_1_21' title='bbox 1477 307 1628 366; x_wconf 78' lang='grc' dir='ltr'><strong><em>ἐρασι-</em></strong></span> 
     </span>
     <span class='ocr_line' id='line_1_4' title="bbox 120 375 1627 434; baseline -0.001 -15"><span class='ocrx_word' id='word_1_22' title='bbox 120 376 354 431; x_wconf 86' lang='grc' dir='ltr'><strong><em>πλόκαμος</em></strong></span> <span class='ocrx_word' id='word_1_23' title='bbox 383 382 427 421; x_wconf 90' lang='lat' dir='ltr'><strong>et</strong></span> <span class='ocrx_word' id='word_1_24' title='bbox 449 376 748 433; x_wconf 77' lang='grc' dir='ltr'><strong><em>ἐρασίκολπος</em></strong></span> <span class='ocrx_word' id='word_1_25' title='bbox 777 376 1021 433; x_wconf 81' lang='lat' dir='ltr'><strong>significare</strong></span> <span class='ocrx_word' id='word_1_26' title='bbox 1039 382 1218 434; x_wconf 80' lang='lat' dir='ltr'><strong>possunt</strong></span> <span class='ocrx_word' id='word_1_27' title='bbox 1241 375 1494 434; x_wconf 76' lang='grc' dir='ltr'><strong><em>ἐρατεινοὺς</em></strong></span> <span class='ocrx_word' id='word_1_28' title='bbox 1513 377 1627 419; x_wconf 89' lang='grc' dir='ltr'><strong><em>πλο-</em></strong></span> 
     </span>
     <span class='ocr_line' id='line_1_5' title="bbox 119 441 1628 502; baseline 0 -16"><span class='ocrx_word' id='word_1_29' title='bbox 119 442 290 498; x_wconf 87' lang='grc' dir='ltr'><strong><em>κάμους</em></strong></span> <span class='ocrx_word' id='word_1_30' title='bbox 329 443 445 498; x_wconf 76' lang='grc' dir='ltr'><strong><em>ἔχων</em></strong></span> <span class='ocrx_word' id='word_1_31' title='bbox 483 450 527 488; x_wconf 90' lang='lat' dir='ltr'><strong>et</strong></span> <span class='ocrx_word' id='word_1_32' title='bbox 566 443 796 502; x_wconf 76' lang='grc' dir='ltr'><strong><em>ἐρατεινὸν</em></strong></span> <span class='ocrx_word' id='word_1_33' title='bbox 838 443 1012 489; x_wconf 88' lang='grc' dir='ltr'><strong><em>κόλπον</em></strong></span> <span class='ocrx_word' id='word_1_34' title='bbox 1048 444 1185 500; x_wconf 70' lang='grc' dir='ltr'><strong><em>ἔχων,</em></strong></span> <span class='ocrx_word' id='word_1_35' title='bbox 1238 458 1337 489; x_wconf 86' lang='lat' dir='ltr'><strong>nam</strong></span> <span class='ocrx_word' id='word_1_36' title='bbox 1384 441 1628 501; x_wconf 77' lang='grc' dir='ltr'><strong><em>ἐρασιπλό·</em></strong></span> 
     </span>
     <span class='ocr_line' id='line_1_6' title="bbox 119 511 1622 569; baseline 0.001 -15"><span class='ocrx_word' id='word_1_37' title='bbox 119 528 261 566; x_wconf 83' lang='grc' dir='ltr'><strong><em>καμος</em></strong></span> <span class='ocrx_word' id='word_1_38' title='bbox 304 512 421 555; x_wconf 90' lang='lat' dir='ltr'><strong>haud</strong></span> <span class='ocrx_word' id='word_1_39' title='bbox 458 513 598 556; x_wconf 78' lang='lat' dir='ltr'><strong>minus</strong></span> <span class='ocrx_word' id='word_1_40' title='bbox 634 517 734 569; x_wconf 83' lang='lat' dir='ltr'><strong>apte</strong></span> <span class='ocrx_word' id='word_1_41' title='bbox 778 513 985 569; x_wconf 88' lang='lat' dir='ltr'><strong>explicari</strong></span> <span class='ocrx_word' id='word_1_42' title='bbox 1029 518 1172 568; x_wconf 83' lang='lat' dir='ltr'><strong>potest</strong></span> <span class='ocrx_word' id='word_1_43' title='bbox 1214 511 1460 567; x_wconf 83' lang='grc' dir='ltr'><strong><em>πλοκάμων</em></strong></span> <span class='ocrx_word' id='word_1_44' title='bbox 1498 511 1622 568; x_wconf 76' lang='grc' dir='ltr'><strong><em>ἐρῶν,</em></strong></span> 
     </span>
     <span class='ocr_line' id='line_1_7' title="bbox 117 578 1624 638; baseline 0 -15"><span class='ocrx_word' id='word_1_45' title='bbox 117 580 179 624; x_wconf 87' lang='lat' dir='ltr'><strong>ita</strong></span> <span class='ocrx_word' id='word_1_46' title='bbox 208 584 255 623; x_wconf 87' lang='lat' dir='ltr'><strong>ut</strong></span> <span class='ocrx_word' id='word_1_47' title='bbox 285 578 639 638; x_wconf 79' lang='grc' dir='ltr'><strong><em>ἒρασιχρήματος</em></strong></span> <span class='ocrx_word' id='word_1_48' title='bbox 673 580 916 636; x_wconf 81' lang='lat' dir='ltr'><strong>significare</strong></span> <span class='ocrx_word' id='word_1_49' title='bbox 945 580 1074 625; x_wconf 84' lang='lat' dir='ltr'><strong>debet</strong></span> <span class='ocrx_word' id='word_1_50' title='bbox 1101 579 1342 638; x_wconf 88' lang='grc' dir='ltr'><strong><em>χρημάτων</em></strong></span> <span class='ocrx_word' id='word_1_51' title='bbox 1371 579 1496 638; x_wconf 79' lang='grc' dir='ltr'><strong><em>ἐρῶν.</em></strong></span> <span class='ocrx_word' id='word_1_52' title='bbox 1558 579 1624 623; x_wconf 86' lang='lat' dir='ltr'><strong>De</strong></span> 
     </span>
     <span class='ocr_line' id='line_1_8' title="bbox 87 647 1626 709; baseline 0.001 -18"><span class='ocrx_word' id='word_1_53' title='bbox 87 671 89 674; x_wconf 93' lang='lat'>·</span> <span class='ocrx_word' id='word_1_54' title='bbox 122 647 440 706; x_wconf 83' lang='grc' dir='ltr'><strong><em>ὲρασίπτερος,</em></strong></span> <span class='ocrx_word' id='word_1_55' title='bbox 480 649 593 704; x_wconf 87' lang='grc' dir='ltr'>(111οᾱ</span> <span class='ocrx_word' id='word_1_56' title='bbox 621 649 799 693; x_wconf 78' lang='lat' dir='ltr'><strong>Nomius</strong></span> <span class='ocrx_word' id='word_1_57' title='bbox 839 648 894 692; x_wconf 87' lang='lat' dir='ltr'><strong>de</strong></span> <span class='ocrx_word' id='word_1_58' title='bbox 922 648 1024 692; x_wconf 87' lang='lat' dir='ltr'><strong>Iove</strong></span> <span class='ocrx_word' id='word_1_59' title='bbox 1064 649 1142 692; x_wconf 77' lang='lat' dir='ltr'><strong>sub</strong></span> <span class='ocrx_word' id='word_1_60' title='bbox 1172 649 1344 709; x_wconf 81' lang='lat' dir='ltr'><strong>aquilae</strong></span> <span class='ocrx_word' id='word_1_61' title='bbox 1373 649 1508 693; x_wconf 89' lang='lat' dir='ltr'><strong>forma</strong></span> <span class='ocrx_word' id='word_1_62' title='bbox 1537 648 1626 692; x_wconf 84' lang='lat' dir='ltr'><strong>Ga-</strong></span> 
     </span>
     <span class='ocr_line' id='line_1_9' title="bbox 119 712 1626 774; baseline -0.002 -13"><span class='ocrx_word' id='word_1_63' title='bbox 119 717 348 773; x_wconf 81' lang='lat' dir='ltr'><strong>nymedem</strong></span> <span class='ocrx_word' id='word_1_64' title='bbox 377 716 572 772; x_wconf 84' lang='lat' dir='ltr'><strong>rapiente</strong></span> <span class='ocrx_word' id='word_1_65' title='bbox 601 716 725 771; x_wconf 81' lang='lat' dir='ltr'><strong>dicit,</strong></span> <span class='ocrx_word' id='word_1_66' title='bbox 770 716 991 774; x_wconf 80' lang='grc' dir='ltr'><strong><em>Κρονίδης</em></strong></span> <span class='ocrx_word' id='word_1_67' title='bbox 1022 715 1316 773; x_wconf 79' lang='grc' dir='ltr'><strong><em>ὲρασίπτερος</em></strong></span> <span class='ocrx_word' id='word_1_68' title='bbox 1346 714 1469 773; x_wconf 78' lang='grc' dir='ltr'><strong><em>ὅρνις</em></strong></span> <span class='ocrx_word' id='word_1_69' title='bbox 1494 712 1626 773; x_wconf 83' lang='grc' dir='ltr'><strong><em>Ἐρώ-</em></strong></span> 
     </span>
     <span class='ocr_line' id='line_1_10' title="bbox 120 782 1626 840; baseline 0 -14"><span class='ocrx_word' id='word_1_70' title='bbox 120 801 231 838; x_wconf 86' lang='grc' dir='ltr'><strong><em>των,</em></strong></span> <span class='ocrx_word' id='word_1_71' title='bbox 281 784 467 828; x_wconf 84' lang='lat' dir='ltr'><strong>dubitari</strong></span> <span class='ocrx_word' id='word_1_72' title='bbox 504 788 663 840; x_wconf 81' lang='lat' dir='ltr'><strong>potest,</strong></span> <span class='ocrx_word' id='word_1_73' title='bbox 714 784 792 828; x_wconf 82' lang='lat' dir='ltr'><strong>sed</strong></span> <span class='ocrx_word' id='word_1_74' title='bbox 829 783 1106 827; x_wconf 82' lang='lat' dir='ltr'><strong>verisimilius</strong></span> <span class='ocrx_word' id='word_1_75' title='bbox 1145 784 1383 840; x_wconf 76' lang='lat' dir='ltr'><strong>explicatur</strong></span> <span class='ocrx_word' id='word_1_76' title='bbox 1421 782 1626 840; x_wconf 80' lang='grc' dir='ltr'><strong><em>ἐρατεινὰ</em></strong></span> 
     </span>
     <span class='ocr_line' id='line_1_11' title="bbox 120 847 1627 908; baseline 0 -14"><span class='ocrx_word' id='word_1_77' title='bbox 120 851 265 908; x_wconf 84' lang='grc' dir='ltr'><strong><em>πτερὰ</em></strong></span> <span class='ocrx_word' id='word_1_78' title='bbox 295 851 429 905; x_wconf 74' lang='grc' dir='ltr'><strong><em>ἔχων,</em></strong></span> <span class='ocrx_word' id='word_1_79' title='bbox 465 864 593 906; x_wconf 83' lang='lat' dir='ltr'><strong>quam</strong></span> <span class='ocrx_word' id='word_1_80' title='bbox 621 847 707 894; x_wconf 74' lang='grc' dir='ltr'><strong>ὑπ’</strong></span> <span class='ocrx_word' id='word_1_81' title='bbox 741 851 906 908; x_wconf 76' lang='grc' dir='ltr'><strong><em>ἔρωτος</em></strong></span> <span class='ocrx_word' id='word_1_82' title='bbox 935 848 1081 907; x_wconf 85' lang='grc' dir='ltr'><strong><em>πτερὰ</em></strong></span> <span class='ocrx_word' id='word_1_83' title='bbox 1109 855 1263 905; x_wconf 84' lang='grc' dir='ltr'><strong><em>κινῶν,</em></strong></span> <span class='ocrx_word' id='word_1_84' title='bbox 1298 851 1399 905; x_wconf 80' lang='lat' dir='ltr'><strong>quia</strong></span> <span class='ocrx_word' id='word_1_85' title='bbox 1427 847 1627 907; x_wconf 83' lang='grc' dir='ltr'><strong><em>Ἐρώτων</em></strong></span> 
     </span>
     <span class='ocr_line' id='line_1_12' title="bbox 118 917 1626 974; baseline -0.001 -10"><span class='ocrx_word' id='word_1_86' title='bbox 118 920 313 964; x_wconf 89' lang='lat' dir='ltr'><strong>additum</strong></span> <span class='ocrx_word' id='word_1_87' title='bbox 343 924 423 963; x_wconf 83' lang='lat' dir='ltr'><strong>est.</strong></span> <span class='ocrx_word' id='word_1_88' title='bbox 488 917 673 970; x_wconf 87' lang='grc' dir='ltr'><strong><em>Κόλπος</em></strong></span> <span class='ocrx_word' id='word_1_89' title='bbox 701 923 845 963; x_wconf 88' lang='lat' dir='ltr'><strong>autem</strong></span> <span class='ocrx_word' id='word_1_90' title='bbox 875 932 949 974; x_wconf 88' lang='lat' dir='ltr'><strong>eo,</strong></span> <span class='ocrx_word' id='word_1_91' title='bbox 992 931 1075 974; x_wconf 92' lang='lat' dir='ltr'><strong>quo</strong></span> <span class='ocrx_word' id='word_1_92' title='bbox 1105 918 1290 973; x_wconf 89' lang='lat' dir='ltr'><strong>conieci,</strong></span> <span class='ocrx_word' id='word_1_93' title='bbox 1325 931 1455 962; x_wconf 73' lang='lat' dir='ltr'><strong>sensu</strong></span> <span class='ocrx_word' id='word_1_94' title='bbox 1483 919 1530 962; x_wconf 92' lang='lat' dir='ltr'><strong>in</strong></span> <span class='ocrx_word' id='word_1_95' title='bbox 1559 920 1626 962; x_wconf 90' lang='lat' dir='ltr'><strong>al-</strong></span> 
     </span>
     <span class='ocr_line' id='line_1_13' title="bbox 116 982 1626 1043; baseline -0.002 -11"><span class='ocrx_word' id='word_1_96' title='bbox 116 995 209 1032; x_wconf 89' lang='lat' dir='ltr'><strong>tera</strong></span> <span class='ocrx_word' id='word_1_97' title='bbox 237 992 359 1043; x_wconf 86' lang='lat' dir='ltr'><strong>parte</strong></span> <span class='ocrx_word' id='word_1_98' title='bbox 389 987 611 1042; x_wconf 82' lang='lat' dir='ltr'><strong>compositi</strong></span> <span class='ocrx_word' id='word_1_99' title='bbox 641 991 759 1030; x_wconf 84' lang='lat' dir='ltr'><strong>extat</strong></span> <span class='ocrx_word' id='word_1_100' title='bbox 786 987 830 1029; x_wconf 91' lang='lat' dir='ltr'><strong>in</strong></span> <span class='ocrx_word' id='word_1_101' title='bbox 860 985 1157 1040; x_wconf 80' lang='grc' dir='ltr'><strong><em>βαθύκολπος</em></strong></span> <span class='ocrx_word' id='word_1_102' title='bbox 1186 991 1230 1030; x_wconf 90' lang='lat' dir='ltr'><strong>et</strong></span> <span class='ocrx_word' id='word_1_103' title='bbox 1250 982 1483 1036; x_wconf 74' lang='grc' dir='ltr'><strong><em>εὔκολπος.</em></strong></span> <span class='ocrx_word' id='word_1_104' title='bbox 1536 987 1626 1029; x_wconf 90' lang='lat' dir='ltr'><strong>Ita-</strong></span> 
     </span>
     <span class='ocr_line' id='line_1_14' title="bbox 117 1053 1588 1112; baseline -0.001 -13"><span class='ocrx_word' id='word_1_105' title='bbox 117 1068 200 1112; x_wconf 89' lang='lat' dir='ltr'><strong>que</strong></span> <span class='ocrx_word' id='word_1_106' title='bbox 228 1067 379 1099; x_wconf 84' lang='lat' dir='ltr'><strong>versus</strong></span> <span class='ocrx_word' id='word_1_107' title='bbox 409 1055 519 1098; x_wconf 89' lang='lat' dir='ltr'><strong>alter</strong></span> <span class='ocrx_word' id='word_1_108' title='bbox 547 1053 837 1111; x_wconf 81' lang='lat' dir='ltr'><strong>antistrophae</strong></span> <span class='ocrx_word' id='word_1_109' title='bbox 867 1054 929 1098; x_wconf 84' lang='lat' dir='ltr'><strong>sic</strong></span> <span class='ocrx_word' id='word_1_110' title='bbox 957 1054 1126 1098; x_wconf 86' lang='lat' dir='ltr'><strong>videtur</strong></span> <span class='ocrx_word' id='word_1_111' title='bbox 1155 1066 1251 1098; x_wconf 76' lang='lat' dir='ltr'><strong>esse</strong></span> <span class='ocrx_word' id='word_1_112' title='bbox 1281 1054 1588 1098; x_wconf 83' lang='lat' dir='ltr'><strong>restituendus:</strong></span> 
     </span>
    </p>
   </div>
   <div class='ocr_carea' id='block_1_3' title="bbox 233 1129 1625 1349">
    <p class='ocr_par' dir='ltr' id='par_1_3' title="bbox 233 1129 1625 1349">
     <span class='ocr_line' id='line_1_15' title="bbox 233 1129 1625 1190; baseline -0.001 -12"><span class='ocrx_word' id='word_1_113' title='bbox 233 1135 407 1188; x_wconf 81' lang='grc' dir='ltr'><strong><em>παῖδες,</em></strong></span> <span class='ocrx_word' id='word_1_114' title='bbox 445 1132 634 1177; x_wconf 77' lang='grc' dir='ltr'><strong><em>ἐπάκοοι</em></strong></span> <span class='ocrx_word' id='word_1_115' title='bbox 662 1136 864 1189; x_wconf 76' lang='grc' dir='ltr'><strong><em>γένεσθε,</em></strong></span> <span class='ocrx_word' id='word_1_116' title='bbox 904 1132 1074 1177; x_wconf 84' lang='grc' dir='ltr'><strong><em>Θάλειά</em></strong></span> <span class='ocrx_word' id='word_1_117' title='bbox 1092 1129 1133 1175; x_wconf 77' lang='grc' dir='ltr'><strong>τ’</strong></span> <span class='ocrx_word' id='word_1_118' title='bbox 1159 1132 1441 1190; x_wconf 82' lang='grc' dir='ltr'><strong><em>ἒρασίκολπε,</em></strong></span> <span class='ocrx_word' id='word_1_119' title='bbox 1478 1133 1625 1177; x_wconf 81' lang='grc' dir='ltr'><em>ἰδοῖσα</em></span> 
     </span>
     <span class='ocr_line' id='line_1_16' title="bbox 507 1197 1270 1259; baseline -0.001 -14"><span class='ocrx_word' id='word_1_120' title='bbox 507 1200 636 1245; x_wconf 82' lang='grc' dir='ltr'><strong><em>τόνδε</em></strong></span> <span class='ocrx_word' id='word_1_121' title='bbox 667 1205 814 1257; x_wconf 85' lang='grc' dir='ltr'><strong><em>κῶμον</em></strong></span> <span class='ocrx_word' id='word_1_122' title='bbox 845 1197 921 1245; x_wconf 75' lang='grc' dir='ltr'><strong>ἐπ’</strong></span> <span class='ocrx_word' id='word_1_123' title='bbox 956 1197 1130 1257; x_wconf 78' lang='grc' dir='ltr'><strong><em>εὐμενεῖ</em></strong></span> <span class='ocrx_word' id='word_1_124' title='bbox 1158 1199 1270 1259; x_wconf 80' lang='grc' dir='ltr'><strong><em>τύχᾳ</em></strong></span> 
     </span>
     <span class='ocr_line' id='line_1_17' title="bbox 237 1293 782 1349; baseline -0.004 -13"><span class='ocrx_word' id='word_1_125' title='bbox 237 1296 301 1349; x_wconf 86' lang='lat'><strong>15)</strong></span> <span class='ocrx_word' id='word_1_126' title='bbox 337 1299 380 1337; x_wconf 82' lang='lat' dir='ltr'><strong>et</strong></span> <span class='ocrx_word' id='word_1_127' title='bbox 413 1296 476 1348; x_wconf 87' lang='lat'><strong>16)</strong></span> <span class='ocrx_word' id='word_1_128' title='bbox 514 1293 549 1337; x_wconf 91' lang='lat' dir='ltr'><strong>o</strong></span> <span class='ocrx_word' id='word_1_129' title='bbox 579 1294 682 1335; x_wconf 80' lang='lat' dir='ltr'><strong>xlv</strong></span> <span class='ocrx_word' id='word_1_130' title='bbox 717 1295 782 1335; x_wconf 86' lang='lat'><strong>19.</strong></span> 
     </span>
    </p>
   </div>
   <div class='ocr_carea' id='block_1_4' title="bbox 477 1360 1270 1380">
    <p class='ocr_par' dir='ltr' id='par_1_4' title="bbox 477 1360 1270 1380">
     <span class='ocr_line' id='line_1_18' title="bbox 477 1360 1270 1380; baseline -0.001 -3"><span class='ocrx_word' id='word_1_131' title='bbox 477 1362 487 1377; x_wconf 89' lang='grc' dir='ltr'><em>Ι</em></span> <span class='ocrx_word' id='word_1_132' title='bbox 857 1361 865 1376; x_wconf 71' lang='lat' dir='ltr'><em>V</em></span> <span class='ocrx_word' id='word_1_133' title='bbox 1095 1362 1105 1377; x_wconf 85' lang='grc' dir='ltr'><strong><em>Ι</em></strong></span> <span class='ocrx_word' id='word_1_134' title='bbox 1237 1360 1270 1380; x_wconf 65' lang='grc' dir='ltr'><strong>υ</strong></span> 
     </span>
    </p>
   </div>
   <div class='ocr_carea' id='block_1_5' title="bbox 463 1371 1269 1393">
    <p class='ocr_par' dir='ltr' id='par_1_5' title="bbox 463 1371 1269 1393">
     <span class='ocr_line' id='line_1_19' title="bbox 463 1371 1269 1393; baseline 0 -1"><span class='ocrx_word' id='word_1_135' title='bbox 463 1371 766 1393; x_wconf 53' lang='grc' dir='ltr'><strong>-ΜΝ-υυ-</strong></span> <span class='ocrx_word' id='word_1_136' title='bbox 788 1371 1269 1393; x_wconf 55' lang='lat'>—————————</span> 
     </span>
    </p>
   </div>
   <div class='ocr_carea' id='block_1_6' title="bbox 116 1425 1647 1607">
    <p class='ocr_par' dir='ltr' id='par_1_6' title="bbox 116 1425 1647 1607">
     <span class='ocr_line' id='line_1_20' title="bbox 232 1425 1482 1483; baseline -0.001 -11"><span class='ocrx_word' id='word_1_137' title='bbox 232 1446 328 1474; x_wconf 90' lang='grc' dir='ltr'><strong><em>αντ.</em></strong></span> <span class='ocrx_word' id='word_1_138' title='bbox 353 1433 376 1472; x_wconf 91' lang='grc'>7</span> <span class='ocrx_word' id='word_1_139' title='bbox 410 1425 559 1473; x_wconf 73' lang='grc' dir='ltr'><strong><em>οὕνεκ’</em></strong></span> <span class='ocrx_word' id='word_1_140' title='bbox 587 1425 932 1483; x_wconf 79' lang='grc' dir='ltr'><strong><em>Ὀλυμπιόνικος</em></strong></span> <span class='ocrx_word' id='word_1_141' title='bbox 963 1425 992 1471; x_wconf 84' lang='grc' dir='ltr'><strong><em>ἆ</em></strong></span> <span class='ocrx_word' id='word_1_142' title='bbox 1022 1432 1220 1473; x_wconf 86' lang='grc' dir='ltr'><strong><em>Μινυεία</em></strong></span> <span class='ocrx_word' id='word_1_143' title='bbox 1251 1435 1330 1473; x_wconf 86' lang='grc' dir='ltr'><strong>σεῦ</strong></span> <span class='ocrx_word' id='word_1_144' title='bbox 1359 1429 1482 1473; x_wconf 79' lang='grc' dir='ltr'><strong><em>ἕκατι</em></strong></span> 
     </span>
     <span class='ocr_line' id='line_1_21' title="bbox 116 1493 1647 1556; baseline -0.002 -13"><span class='ocrx_word' id='word_1_145' title='bbox 116 1505 159 1543; x_wconf 86' lang='lat' dir='ltr'><strong>et</strong></span> <span class='ocrx_word' id='word_1_146' title='bbox 232 1514 326 1555; x_wconf 88' lang='grc' dir='ltr'><strong><em>στρ.</em></strong></span> <span class='ocrx_word' id='word_1_147' title='bbox 353 1500 376 1539; x_wconf 90' lang='grc'>7</span> <span class='ocrx_word' id='word_1_148' title='bbox 409 1497 449 1541; x_wconf 82' lang='grc' dir='ltr'><strong>εἰ</strong></span> <span class='ocrx_word' id='word_1_149' title='bbox 479 1496 622 1554; x_wconf 85' lang='grc' dir='ltr'><strong><em>σοφὸς</em></strong></span> <span class='ocrx_word' id='word_1_150' title='bbox 653 1496 693 1540; x_wconf 84' lang='grc' dir='ltr'><strong>εἰ</strong></span> <span class='ocrx_word' id='word_1_151' title='bbox 722 1495 858 1547; x_wconf 81' lang='grc' dir='ltr'><strong><em>καλὸς</em></strong></span> <span class='ocrx_word' id='word_1_152' title='bbox 888 1496 931 1540; x_wconf 79' lang='grc' dir='ltr'><strong>εἴ</strong></span> <span class='ocrx_word' id='word_1_153' title='bbox 957 1513 1023 1547; x_wconf 89' lang='grc' dir='ltr'><strong><em>τις</em></strong></span> <span class='ocrx_word' id='word_1_154' title='bbox 1054 1493 1219 1553; x_wconf 79' lang='grc' dir='ltr'><strong><em>ἀγλαὸς</em></strong></span> <span class='ocrx_word' id='word_1_155' title='bbox 1250 1494 1375 1555; x_wconf 81' lang='grc' dir='ltr'><strong><em>ἀνήρ.</em></strong></span> <span class='ocrx_word' id='word_1_156' title='bbox 1419 1495 1519 1541; x_wconf 75' lang='grc' dir='ltr'><strong><em>οὔτε</em></strong></span> <span class='ocrx_word' id='word_1_157' title='bbox 1540 1497 1647 1556; x_wconf 18' lang='grc' dir='ltr'><strong>γὰρ,</strong></span> 
     </span>
     <span class='ocr_line' id='line_1_22' title="bbox 731 1568 1586 1607; baseline -0.001 0"><span class='ocrx_word' id='word_1_158' title='bbox 731 1568 837 1607; x_wconf 72' lang='grc' dir='ltr'><strong><em>θεοί</em></strong></span> <span class='ocrx_word' id='word_1_159' title='bbox 1583 1577 1586 1579; x_wconf 90' lang='grc'><em>·</em></span> 
     </span>
    </p>
   </div>
   <div class='ocr_carea' id='block_1_7' title="bbox 460 1655 841 1687">
    <p class='ocr_par' dir='ltr' id='par_1_7' title="bbox 460 1655 841 1687">
     <span class='ocr_line' id='line_1_23' title="bbox 460 1655 841 1687; baseline 0.003 -1"><span class='ocrx_word' id='word_1_160' title='bbox 460 1655 841 1687; x_wconf 54' lang='grc' dir='ltr'><strong>υ--υυοοοσ</strong></span> 
     </span>
    </p>
   </div>
   <div class='ocr_carea' id='block_1_8' title="bbox 231 1713 1049 1837">
    <p class='ocr_par' dir='ltr' id='par_1_8' title="bbox 231 1713 1049 1837">
     <span class='ocr_line' id='line_1_24' title="bbox 231 1713 781 1766; baseline -0.002 -11"><span class='ocrx_word' id='word_1_161' title='bbox 231 1729 327 1756; x_wconf 87' lang='grc' dir='ltr'><strong><em>αντ.</em></strong></span> <span class='ocrx_word' id='word_1_162' title='bbox 353 1715 378 1756; x_wconf 88' lang='grc'>8</span> <span class='ocrx_word' id='word_1_163' title='bbox 408 1713 698 1766; x_wconf 85' lang='grc' dir='ltr'><strong><em>μελαντείχεα</em></strong></span> <span class='ocrx_word' id='word_1_164' title='bbox 733 1745 742 1754; x_wconf 96' lang='grc'><strong>.</strong></span> <span class='ocrx_word' id='word_1_165' title='bbox 772 1745 781 1754; x_wconf 91' lang='grc'><strong>.</strong></span> 
     </span>
     <span class='ocr_line' id='line_1_25' title="bbox 232 1781 1049 1837; baseline -0.002 -13"><span class='ocrx_word' id='word_1_166' title='bbox 232 1795 327 1837; x_wconf 91' lang='grc' dir='ltr'><strong><em>στρ.</em></strong></span> <span class='ocrx_word' id='word_1_167' title='bbox 355 1782 379 1824; x_wconf 90' lang='grc'>8</span> <span class='ocrx_word' id='word_1_168' title='bbox 410 1781 452 1823; x_wconf 86' lang='grc' dir='ltr'><strong>τὶ</strong></span> <span class='ocrx_word' id='word_1_169' title='bbox 483 1785 651 1835; x_wconf 87' lang='grc' dir='ltr'><strong><em>σεμνᾶν</em></strong></span> <span class='ocrx_word' id='word_1_170' title='bbox 680 1783 895 1836; x_wconf 82' lang='grc' dir='ltr'><strong><em>Χαρίτων</em></strong></span> <span class='ocrx_word' id='word_1_171' title='bbox 927 1814 936 1822; x_wconf 89' lang='grc'><em>.</em></span> <span class='ocrx_word' id='word_1_172' title='bbox 966 1815 973 1822; x_wconf 97' lang='grc'><em>.</em></span> <span class='ocrx_word' id='word_1_173' title='bbox 1003 1814 1012 1822; x_wconf 93' lang='grc'><strong>.</strong></span> <span class='ocrx_word' id='word_1_174' title='bbox 1041 1814 1049 1822; x_wconf 90' lang='grc'><strong>.</strong></span> 
     </span>
    </p>
   </div>
   <div class='ocr_carea' id='block_1_9' title="bbox 108 1858 1621 2731">
    <p class='ocr_par' dir='ltr' id='par_1_9' title="bbox 110 1858 1621 2243">
     <span class='ocr_line' id='line_1_26' title="bbox 114 1858 1621 1915; baseline 0 -11"><span class='ocrx_word' id='word_1_175' title='bbox 114 1861 206 1904; x_wconf 88' lang='lat' dir='ltr'><strong>Hoc</strong></span> <span class='ocrx_word' id='word_1_176' title='bbox 236 1859 361 1903; x_wconf 89' lang='lat' dir='ltr'><strong>modo</strong></span> <span class='ocrx_word' id='word_1_177' title='bbox 391 1860 429 1902; x_wconf 84' lang='lat' dir='ltr'><strong>si</strong></span> <span class='ocrx_word' id='word_1_178' title='bbox 457 1872 607 1903; x_wconf 84' lang='lat' dir='ltr'><strong>versus</strong></span> <span class='ocrx_word' id='word_1_179' title='bbox 638 1873 733 1903; x_wconf 91' lang='lat' dir='ltr'><strong>cum</strong></span> <span class='ocrx_word' id='word_1_180' title='bbox 753 1858 968 1903; x_wconf 89' lang='lat' dir='ltr'><strong>Boeckhio</strong></span> <span class='ocrx_word' id='word_1_181' title='bbox 999 1859 1229 1915; x_wconf 82' lang='lat' dir='ltr'><strong>dispesces‚</strong></span> <span class='ocrx_word' id='word_1_182' title='bbox 1265 1874 1348 1903; x_wconf 90' lang='lat' dir='ltr'><strong>non</strong></span> <span class='ocrx_word' id='word_1_183' title='bbox 1373 1861 1508 1904; x_wconf 83' lang='lat' dir='ltr'><strong>solum</strong></span> <span class='ocrx_word' id='word_1_184' title='bbox 1530 1862 1621 1904; x_wconf 88' lang='lat' dir='ltr'><strong>exi-</strong></span> 
     </span>
     <span class='ocr_line' id='line_1_27' title="bbox 114 1927 1621 1984; baseline 0 -12"><span class='ocrx_word' id='word_1_185' title='bbox 114 1934 183 1972; x_wconf 79' lang='lat' dir='ltr'><strong>tus</strong></span> <span class='ocrx_word' id='word_1_186' title='bbox 212 1927 486 1984; x_wconf 79' lang='lat' dir='ltr'><strong>imperfectus</strong></span> <span class='ocrx_word' id='word_1_187' title='bbox 515 1927 561 1970; x_wconf 91' lang='grc'><strong>111</strong></span> <span class='ocrx_word' id='word_1_188' title='bbox 590 1927 857 1984; x_wconf 85' lang='lat' dir='ltr'><strong>antistropha</strong></span> <span class='ocrx_word' id='word_1_189' title='bbox 886 1927 1084 1981; x_wconf 88' lang='lat' dir='ltr'><strong>offendet,</strong></span> <span class='ocrx_word' id='word_1_190' title='bbox 1121 1928 1199 1971; x_wconf 81' lang='lat' dir='ltr'><strong>sed</strong></span> <span class='ocrx_word' id='word_1_191' title='bbox 1229 1929 1361 1971; x_wconf 92' lang='lat' dir='ltr'><strong>multo</strong></span> <span class='ocrx_word' id='word_1_192' title='bbox 1386 1929 1526 1984; x_wconf 84' lang='lat' dir='ltr'><strong>magis</strong></span> <span class='ocrx_word' id='word_1_193' title='bbox 1546 1942 1621 1972; x_wconf 90' lang='lat' dir='ltr'><strong>en-</strong></span> 
     </span>
     <span class='ocr_line' id='line_1_28' title="bbox 114 1994 1621 2053; baseline 0 -13"><span class='ocrx_word' id='word_1_194' title='bbox 114 1997 300 2040; x_wconf 87' lang='lat' dir='ltr'><strong>cliticum</strong></span> <span class='ocrx_word' id='word_1_195' title='bbox 330 1998 388 2050; x_wconf 85' lang='grc' dir='ltr'><strong>τί,</strong></span> <span class='ocrx_word' id='word_1_196' title='bbox 423 1994 536 2050; x_wconf 91' lang='lat' dir='ltr'><strong>quod</strong></span> <span class='ocrx_word' id='word_1_197' title='bbox 564 2009 592 2037; x_wconf 88' lang='lat' dir='ltr'><strong>a</strong></span> <span class='ocrx_word' id='word_1_198' title='bbox 621 1995 739 2038; x_wconf 90' lang='lat' dir='ltr'><strong>nullo</strong></span> <span class='ocrx_word' id='word_1_199' title='bbox 768 1995 877 2038; x_wconf 91' lang='lat' dir='ltr'><strong>libro</strong></span> <span class='ocrx_word' id='word_1_200' title='bbox 906 1995 1107 2049; x_wconf 81' lang='lat' dir='ltr'><strong>traditur,</strong></span> <span class='ocrx_word' id='word_1_201' title='bbox 1142 1996 1188 2039; x_wconf 90' lang='lat' dir='ltr'><strong>in</strong></span> <span class='ocrx_word' id='word_1_202' title='bbox 1216 1996 1336 2039; x_wconf 88' lang='lat' dir='ltr'><strong>initio</strong></span> <span class='ocrx_word' id='word_1_203' title='bbox 1366 2009 1515 2040; x_wconf 80' lang='lat' dir='ltr'><strong>versus</strong></span> <span class='ocrx_word' id='word_1_204' title='bbox 1545 2011 1621 2053; x_wconf 92' lang='lat' dir='ltr'><strong>po-</strong></span> 
     </span>
     <span class='ocr_line' id='line_1_29' title="bbox 114 2062 1621 2119; baseline 0 -12"><span class='ocrx_word' id='word_1_205' title='bbox 114 2064 257 2108; x_wconf 85' lang='lat' dir='ltr'><strong>situm.</strong></span> <span class='ocrx_word' id='word_1_206' title='bbox 319 2062 600 2106; x_wconf 75' lang='lat' dir='ltr'><strong>Incidendum</strong></span> <span class='ocrx_word' id='word_1_207' title='bbox 629 2067 770 2106; x_wconf 89' lang='lat' dir='ltr'><strong>autem</strong></span> <span class='ocrx_word' id='word_1_208' title='bbox 801 2075 896 2107; x_wconf 80' lang='lat' dir='ltr'><strong>esse</strong></span> <span class='ocrx_word' id='word_1_209' title='bbox 926 2068 1023 2119; x_wconf 84' lang='lat' dir='ltr'><strong>post</strong></span> <span class='ocrx_word' id='word_1_210' title='bbox 1052 2066 1251 2106; x_wconf 86' lang='grc' dir='ltr'><strong><em>Μινυεία</em></strong></span> <span class='ocrx_word' id='word_1_211' title='bbox 1291 2077 1437 2108; x_wconf 83' lang='lat' dir='ltr'><strong>omnes</strong></span> <span class='ocrx_word' id='word_1_212' title='bbox 1474 2078 1621 2109; x_wconf 89' lang='lat' dir='ltr'><strong>recen-</strong></span> 
     </span>
     <span class='ocr_line' id='line_1_30' title="bbox 110 2130 593 2175; baseline -0.006 0"><span class='ocrx_word' id='word_1_213' title='bbox 110 2132 238 2175; x_wconf 81' lang='lat' dir='ltr'><strong>tiores</strong></span> <span class='ocrx_word' id='word_1_214' title='bbox 267 2130 593 2174; x_wconf 87' lang='lat' dir='ltr'><strong>intellexerunt:</strong></span> 
     </span>
     <span class='ocr_line' id='line_1_31' title="bbox 558 2209 1163 2243; baseline 0 -4"><span class='ocrx_word' id='word_1_215' title='bbox 558 2209 589 2239; x_wconf 86' lang='lat'><strong>.&#39;.</strong></span> <span class='ocrx_word' id='word_1_216' title='bbox 608 2219 676 2240; x_wconf 62' lang='grc' dir='ltr'><strong>νυ</strong></span> <span class='ocrx_word' id='word_1_217' title='bbox 696 2234 724 2239; x_wconf 89' lang='grc'><strong>-</strong></span> <span class='ocrx_word' id='word_1_218' title='bbox 747 2221 814 2241; x_wconf 59' lang='lat' dir='ltr'><strong>vu</strong></span> <span class='ocrx_word' id='word_1_219' title='bbox 835 2234 864 2240; x_wconf 88' lang='lat'><strong>...</strong></span> <span class='ocrx_word' id='word_1_220' title='bbox 885 2221 919 2240; x_wconf 67' lang='grc' dir='ltr'><strong>υ</strong></span> <span class='ocrx_word' id='word_1_221' title='bbox 938 2210 970 2240; x_wconf 86' lang='grc'><strong>-’</strong></span> <span class='ocrx_word' id='word_1_222' title='bbox 988 2221 1056 2240; x_wconf 66' lang='lat' dir='ltr'>W</span> <span class='ocrx_word' id='word_1_223' title='bbox 1079 2220 1115 2243; x_wconf 72' lang='lat'><strong>1-</strong></span> <span class='ocrx_word' id='word_1_224' title='bbox 1134 2234 1163 2239; x_wconf 84' lang='lat'><em>-</em></span> 
     </span>
    </p>

    <p class='ocr_par' dir='ltr' id='par_1_10' title="bbox 387 2273 1516 2336">
     <span class='ocr_line' id='line_1_32' title="bbox 387 2273 1516 2336; baseline 0.002 -16"><span class='ocrx_word' id='word_1_225' title='bbox 387 2290 481 2333; x_wconf 90' lang='grc' dir='ltr'><strong><em>στρ.</em></strong></span> <span class='ocrx_word' id='word_1_226' title='bbox 508 2279 531 2318; x_wconf 91' lang='grc'>7</span> <span class='ocrx_word' id='word_1_227' title='bbox 566 2275 605 2319; x_wconf 86' lang='grc' dir='ltr'><strong>εἰ</strong></span> <span class='ocrx_word' id='word_1_228' title='bbox 635 2275 778 2334; x_wconf 87' lang='grc' dir='ltr'><strong><em>σοφὸς</em></strong></span> <span class='ocrx_word' id='word_1_229' title='bbox 808 2276 849 2320; x_wconf 82' lang='grc' dir='ltr'><strong>εἰ</strong></span> <span class='ocrx_word' id='word_1_230' title='bbox 877 2275 1014 2328; x_wconf 87' lang='grc' dir='ltr'><strong><em>καλὸς</em></strong></span> <span class='ocrx_word' id='word_1_231' title='bbox 1044 2275 1086 2320; x_wconf 81' lang='grc' dir='ltr'><strong>εἲ</strong></span> <span class='ocrx_word' id='word_1_232' title='bbox 1113 2292 1179 2328; x_wconf 87' lang='grc' dir='ltr'><strong><em>τις</em></strong></span> <span class='ocrx_word' id='word_1_233' title='bbox 1210 2273 1376 2333; x_wconf 77' lang='grc' dir='ltr'><strong><em>ἀγλαὸς</em></strong></span> <span class='ocrx_word' id='word_1_234' title='bbox 1407 2274 1516 2336; x_wconf 83' lang='grc' dir='ltr'><strong><em>ἀνήρ</em></strong></span> 
     </span>
    </p>

    <p class='ocr_par' dir='ltr' id='par_1_11' title="bbox 108 2341 1619 2731">
     <span class='ocr_line' id='line_1_33' title="bbox 389 2341 1378 2400; baseline 0 -12"><span class='ocrx_word' id='word_1_235' title='bbox 389 2361 486 2389; x_wconf 89' lang='grc' dir='ltr'><strong><em>αντ.</em></strong></span> <span class='ocrx_word' id='word_1_236' title='bbox 511 2347 534 2386; x_wconf 91' lang='grc'>7</span> <span class='ocrx_word' id='word_1_237' title='bbox 553 2341 714 2399; x_wconf 74' lang='grc' dir='ltr'><strong><em>οὕνεκ’</em></strong></span> <span class='ocrx_word' id='word_1_238' title='bbox 742 2341 1088 2400; x_wconf 82' lang='grc' dir='ltr'><strong><em>Ὀλυμπιόνικος</em></strong></span> <span class='ocrx_word' id='word_1_239' title='bbox 1120 2342 1148 2387; x_wconf 83' lang='grc' dir='ltr'><strong><em>ἆ</em></strong></span> <span class='ocrx_word' id='word_1_240' title='bbox 1178 2349 1378 2389; x_wconf 89' lang='grc' dir='ltr'><strong><em>Μινυεία</em></strong></span> 
     </span>
     <span class='ocr_line' id='line_1_34' title="bbox 110 2411 1619 2469; baseline 0.001 -13"><span class='ocrx_word' id='word_1_241' title='bbox 110 2413 396 2469; x_wconf 85' lang='lat' dir='ltr'><strong>Improbanda</strong></span> <span class='ocrx_word' id='word_1_242' title='bbox 426 2417 493 2456; x_wconf 84' lang='lat' dir='ltr'><strong>est</strong></span> <span class='ocrx_word' id='word_1_243' title='bbox 523 2413 724 2456; x_wconf 87' lang='lat' dir='ltr'><strong>correctio</strong></span> <span class='ocrx_word' id='word_1_244' title='bbox 743 2413 920 2468; x_wconf 87' lang='lat' dir='ltr'><strong>Bergkii</strong></span> <span class='ocrx_word' id='word_1_245' title='bbox 942 2411 1155 2467; x_wconf 83' lang='grc' dir='ltr'><strong><em>Μινύεια,</em></strong></span> <span class='ocrx_word' id='word_1_246' title='bbox 1191 2413 1349 2469; x_wconf 91' lang='lat' dir='ltr'><strong>quippe</strong></span> <span class='ocrx_word' id='word_1_247' title='bbox 1378 2427 1462 2469; x_wconf 86' lang='lat' dir='ltr'><strong>qua</strong></span> <span class='ocrx_word' id='word_1_248' title='bbox 1486 2428 1619 2458; x_wconf 81' lang='lat' dir='ltr'><strong>novus</strong></span> 
     </span>
     <span class='ocr_line' id='line_1_35' title="bbox 109 2479 1617 2538; baseline 0.002 -14"><span class='ocrx_word' id='word_1_249' title='bbox 109 2481 317 2524; x_wconf 89' lang='lat' dir='ltr'><strong>inferatur</strong></span> <span class='ocrx_word' id='word_1_250' title='bbox 350 2480 491 2524; x_wconf 83' lang='lat' dir='ltr'><strong>exitus</strong></span> <span class='ocrx_word' id='word_1_251' title='bbox 509 2479 795 2536; x_wconf 84' lang='lat' dir='ltr'><strong>imperfectus,</strong></span> <span class='ocrx_word' id='word_1_252' title='bbox 831 2494 1089 2536; x_wconf 86' lang='lat' dir='ltr'><strong>quamquam</strong></span> <span class='ocrx_word' id='word_1_253' title='bbox 1110 2494 1256 2524; x_wconf 82' lang='lat' dir='ltr'><strong>omnes</strong></span> <span class='ocrx_word' id='word_1_254' title='bbox 1278 2481 1376 2524; x_wconf 89' lang='lat' dir='ltr'><strong>libri</strong></span> <span class='ocrx_word' id='word_1_255' title='bbox 1395 2488 1565 2538; x_wconf 86' lang='lat' dir='ltr'><strong>praeter</strong></span> <span class='ocrx_word' id='word_1_256' title='bbox 1585 2484 1617 2527; x_wconf 87' lang='lat' dir='ltr'>C</span> 
     </span>
     <span class='ocr_line' id='line_1_36' title="bbox 108 2547 1619 2605; baseline 0.001 -13"><span class='ocrx_word' id='word_1_257' title='bbox 108 2553 479 2605; x_wconf 82' lang='lat' dir='ltr'><strong>proparoxytonon</strong></span> <span class='ocrx_word' id='word_1_258' title='bbox 512 2547 700 2591; x_wconf 87' lang='lat' dir='ltr'><strong>tradunt.</strong></span> <span class='ocrx_word' id='word_1_259' title='bbox 763 2549 851 2592; x_wconf 87' lang='lat' dir='ltr'><strong>Sed</strong></span> <span class='ocrx_word' id='word_1_260' title='bbox 889 2562 966 2605; x_wconf 90' lang='lat' dir='ltr'><strong>per</strong></span> <span class='ocrx_word' id='word_1_261' title='bbox 1004 2561 1051 2592; x_wconf 82' lang='lat' dir='ltr'><strong>se</strong></span> <span class='ocrx_word' id='word_1_262' title='bbox 1091 2562 1256 2604; x_wconf 89' lang='lat' dir='ltr'><strong>quoque</strong></span> <span class='ocrx_word' id='word_1_263' title='bbox 1297 2547 1495 2594; x_wconf 84' lang='grc' dir='ltr'><strong><em>Μινύεια</em></strong></span> <span class='ocrx_word' id='word_1_264' title='bbox 1535 2552 1619 2595; x_wconf 88' lang='lat' dir='ltr'><strong>rei-</strong></span> 
     </span>
     <span class='ocr_line' id='line_1_37' title="bbox 109 2615 1613 2674; baseline 0.001 -13"><span class='ocrx_word' id='word_1_265' title='bbox 109 2616 308 2661; x_wconf 89' lang='lat' dir='ltr'><strong>ciendum</strong></span> <span class='ocrx_word' id='word_1_266' title='bbox 337 2621 426 2671; x_wconf 85' lang='lat' dir='ltr'><strong>est‚</strong></span> <span class='ocrx_word' id='word_1_267' title='bbox 470 2629 566 2659; x_wconf 90' lang='lat' dir='ltr'><strong>cum</strong></span> <span class='ocrx_word' id='word_1_268' title='bbox 606 2615 855 2660; x_wconf 90' lang='lat' dir='ltr'><strong>femininum</strong></span> <span class='ocrx_word' id='word_1_269' title='bbox 890 2617 945 2661; x_wconf 81' lang='lat' dir='ltr'><strong>sit</strong></span> <span class='ocrx_word' id='word_1_270' title='bbox 973 2616 1175 2661; x_wconf 84' lang='lat' dir='ltr'><strong>adieetivi</strong></span> <span class='ocrx_word' id='word_1_271' title='bbox 1203 2616 1247 2660; x_wconf 90' lang='grc'><strong>111</strong></span> <span class='ocrx_word' id='word_1_272' title='bbox 1276 2633 1350 2669; x_wconf 86' lang='grc' dir='ltr'><strong>-ος</strong></span> <span class='ocrx_word' id='word_1_273' title='bbox 1380 2617 1613 2674; x_wconf 84' lang='grc' dir='ltr'><strong><em>Μινύειος,</em></strong></span> 
     </span>
     <span class='ocr_line' id='line_1_38' title="bbox 110 2685 1619 2731; baseline 0.001 -3"><span class='ocrx_word' id='word_1_274' title='bbox 110 2685 320 2729; x_wconf 84' lang='lat' dir='ltr'><strong>Pindarus</strong></span> <span class='ocrx_word' id='word_1_275' title='bbox 351 2689 494 2728; x_wconf 85' lang='lat' dir='ltr'><strong>autem</strong></span> <span class='ocrx_word' id='word_1_276' title='bbox 524 2698 577 2728; x_wconf 89' lang='lat' dir='ltr'><strong>ea</strong></span> <span class='ocrx_word' id='word_1_277' title='bbox 605 2689 769 2728; x_wconf 87' lang='lat' dir='ltr'><strong>tantum</strong></span> <span class='ocrx_word' id='word_1_278' title='bbox 800 2685 1006 2729; x_wconf 86' lang='lat' dir='ltr'><strong>feminina</strong></span> <span class='ocrx_word' id='word_1_279' title='bbox 1034 2686 1079 2728; x_wconf 90' lang='lat' dir='ltr'><strong>in</strong></span> <span class='ocrx_word' id='word_1_280' title='bbox 1109 2701 1204 2729; x_wconf 90' lang='grc' dir='ltr'><strong><em>-εια</em></strong></span> <span class='ocrx_word' id='word_1_281' title='bbox 1235 2700 1349 2730; x_wconf 83' lang='grc'>111010</span> <span class='ocrx_word' id='word_1_282' title='bbox 1374 2687 1546 2731; x_wconf 88' lang='grc' dir='ltr'>Αο01100</span> <span class='ocrx_word' id='word_1_283' title='bbox 1577 2693 1619 2730; x_wconf 88' lang='lat' dir='ltr'><strong>et</strong></span> 
     </span>
    </p>
   </div>
  </div>
 </body>
</html>
