1751 3147
146 112 201 153 34
724 131 780 138 -
842 107 955 161 [236]
1018 130 1073 136 -

141 240 205 279 tro
245 234 448 278 audacter
483 237 668 276 correcto
707 235 750 275 et
786 231 951 274 duobus
988 230 1162 285 reliquis
1204 229 1396 273 versibus
1433 229 1652 286 parallelis

145 303 202 347 ad
232 302 358 347 huius
389 301 632 358 exemplum
663 298 951 352 conformatis,
987 311 1082 342 cum
1113 298 1280 342 ederet:

693 376 727 408 O
748 402 777 408 ..
799 389 866 410 υυ
887 403 916 408 ...
937 378 971 409 Ξ

697 441 770 490 ἀν’
800 441 1096 503 Ἀμφιάρειον

147 528 330 581 Causae,
365 539 472 582 quas
502 525 640 580 affert,
675 525 758 569 hae
780 529 897 569 sunt:
933 538 975 568 V.
1001 527 1169 568 26-30
1190 524 1364 569 laudato
1385 538 1447 577 eo,
1483 524 1558 579 qui
1578 538 1653 580 pro

143 595 282 651 patria
310 594 495 648 moritur,
532 593 673 650 pergit
700 592 913 636 Pindarus
942 606 985 636 v.
1020 595 1070 635 31
1106 593 1189 636 sic:

351 671 405 717 τὺ
433 672 494 726 δέ,
530 670 769 717 Διοδότοιο
801 679 900 726 παῖ,
935 669 1143 726 μαχατάν

352 741 515 785 αἰνέων
545 741 826 797 Μελέαγρον,
864 739 1027 783 αἰνέων
1057 739 1105 783 δὲ
1134 740 1210 783 καὶ
1229 735 1417 797 Ἕκτορα

351 807 634 868 Ἀμφιάρηόν
661 826 708 853 τε

351 875 540 922 εὐανθέ’
575 875 866 927 ἀπέπνευσας
897 873 1074 935 ἁλικίαν

148 961 242 1004 στρ.
268 945 304 1003 γ’
353 944 604 1004 προμάχων
634 942 709 990 ἀν’
744 941 914 1000 ὅμιλον,
951 940 1054 989 ἕνθ’
1090 941 1265 1002 ἄριστοι

355 1015 488 1069 ἔσχον
517 1016 735 1070 πολέμοιο
764 1021 910 1064 νεῖκος
941 1011 1150 1067 ἐσχάταις
1180 1012 1371 1056 ἐλπίσιν.

262 1094 482 1151 Meleager
521 1099 564 1139 et
601 1094 758 1138 Hector
795 1092 974 1150 patriam
1016 1091 1296 1138 defendentes
1339 1088 1651 1150 pugnaverunt,

148 1163 435 1219 Amphiaraus
474 1167 618 1206 autem
647 1162 821 1205 Thebas
851 1174 947 1205 cum
975 1162 1159 1204 Adrasto
1189 1174 1440 1217 oppugnans
1468 1167 1657 1205 mortuus

147 1244 231 1274 non
269 1235 383 1275 recte
423 1230 688 1287 componitur
724 1243 820 1274 cum
849 1229 1067 1285 Meleagro
1107 1233 1149 1273 et
1177 1229 1358 1273 Hectore
1394 1229 1452 1273 ad
1474 1225 1655 1274 'laudem

147 1294 474 1356 propugnatoris
493 1303 537 1342 et
556 1298 795 1342 defensoris
815 1298 980 1354 patriae
999 1297 1312 1341 illustrandam.
1366 1298 1538 1341 Scholia
1558 1312 1658 1342 vero

146 1380 300 1410 nomen
320 1366 571 1423 Amphiarai
599 1380 684 1410 non
715 1366 933 1410 exhibent.
986 1366 1136 1422 Itaque
1157 1365 1370 1421 Bergkius
1400 1366 1565 1410 censuit
1594 1367 1658 1409 la-

149 1440 239 1479 tere
268 1435 314 1477 in
342 1434 423 1478 hoc
451 1447 579 1478 versu
607 1448 762 1478 nomen
790 1434 1009 1491 proprium
1039 1433 1133 1477 eius
1163 1434 1267 1488 loci,
1310 1433 1385 1477 ubi
1412 1433 1526 1477 filius
1555 1435 1658 1477 Dio-

150 1502 241 1546 doti
260 1502 472 1557 occiderit,
506 1502 621 1557 quod
641 1502 882 1546 coniectura
906 1506 1126 1546 assecutus
1156 1505 1221 1545 est
1252 1496 1325 1545 o’w'
1348 1497 1655 1560 Ἀμφιάρεων.

150 1571 282 1614 Cuius
314 1570 540 1614 audaciam
570 1570 681 1614 ferre
710 1583 955 1627 possemus,
1002 1571 1040 1614 si
1075 1583 1263 1626 pugnam
1301 1569 1362 1613 ibi
1391 1571 1656 1615 commissam

146 1651 244 1682 esse
286 1652 313 1682 a
342 1638 563 1682 Thebanis
602 1638 823 1683 sciremus.
886 1637 975 1682 Sed
1002 1651 1081 1681 nec
1110 1637 1334 1693 quicquam
1363 1637 1565 1682 traditum
1594 1645 1660 1683 est

147 1706 202 1749 de
233 1706 314 1750 hac
342 1719 510 1762 pugna,
555 1702 693 1761 neque
733 1719 880 1749 verum
916 1710 982 1750 est
1011 1705 1262 1762 Amphiarai
1289 1719 1442 1749 nomen
1469 1706 1657 1762 ineptum

147 1786 262 1826 esse,
304 1774 533 1816 dummodo
562 1774 732 1817 tertium
764 1773 1090 1829 comparationis
1119 1786 1203 1816 non
1231 1773 1276 1815 in
1305 1773 1552 1817 defensione
1581 1788 1660 1831 pa-

144 1841 253 1885 triae
284 1841 361 1885 sed
389 1841 434 1884 in
463 1841 712 1885 fortitudine
738 1841 1018 1897 praecellenti
1037 1854 1292 1897 quaeramus
1312 1839 1563 1898 προμάχων
1583 1838 1655 1886 ἀν’

147 1905 321 1964 ὅμιλον.
379 1909 445 1953 De
474 1909 630 1954 virtute
659 1914 805 1954 autem
835 1909 1086 1967 Amphiarai
1115 1909 1372 1954 conferenda
1401 1915 1512 1965 sunt,
1547 1925 1656 1968 quae

146 1978 357 2022 Pindarus
376 1978 609 2022 Adrastum
639 1978 782 2022 dicere
814 1978 938 2033 fingit
966 1983 1129 2021 mortuo
1149 1978 1408 2034 Amphiarao
1438 1977 1473 2023 0
1492 1980 1553 2023 VI
1576 1983 1651 2022 16:

551 2061 723 2101 Ποθέω
755 2062 967 2114 στρατιᾶς
998 2053 1247 2115 ὀφθαλμὸν
1277 2056 1387 2112 ἐμᾶς

262 2122 522 2182 ἀμφότερον
551 2124 714 2180 μάντιν
743 2122 786 2168 τ’
822 2122 1001 2182 ἀγαθὸν
1030 2126 1106 2168 καὶ
1135 2125 1263 2183 δουρὶ
1291 2124 1569 2183 μάρνασθαι.

263 2205 389 2257 Quod
418 2210 563 2248 autem
594 2205 754 2248 scholio
783 2218 938 2249 nomen
967 2204 1218 2261 Amphiarai
1246 2218 1330 2248 non
1359 2206 1562 2250 contineri
1598 2206 1660 2250 ait

148 2273 386 2328 BergkiuS‚
422 2273 531 2316 haec
561 2273 734 2316 omissio
764 2273 897 2316 multo
928 2272 1099 2316 facilius
1129 2273 1391 2329 explicatur,
1427 2274 1465 2317 si
1494 2274 1658 2327 duobus

146 2341 391 2384 nominibus
420 2341 603 2397 propriis
633 2341 803 2384 tertium
833 2340 1023 2384 additum
1055 2345 1133 2393 est,
1168 2354 1294 2396 quam
1325 2342 1363 2385 si
1394 2355 1550 2385 nomen
1579 2342 1660 2386 loci

145 2408 192 2450 in
221 2408 343 2451 libris
372 2409 560 2465 antiquis
591 2408 816 2452 extitisset.
879 2407 1057 2452 Accedit
1085 2408 1198 2464 quod
1227 2409 1346 2452 locus
1375 2422 1546 2466 pugnae
1576 2423 1659 2454 non

147 2480 247 2532 apte
279 2477 529 2532 exprimitur
559 2477 700 2520 verbis
733 2473 815 2519 ἀν’
850 2473 1165 2533 Ἀμφιάρειον,
1202 2478 1240 2520 si
1269 2477 1315 2519 in
1345 2477 1495 2520 eodem
1525 2492 1660 2521 enun-

147 2544 250 2587 tiato
280 2543 462 2587 adicitur
491 2542 742 2601 προμάχων
773 2540 858 2587 o'cv'
895 2540 1067 2598 ὅμιλον.

261 2612 504 2668 Epodorum
541 2616 684 2655 autem
727 2610 765 2654 α’
800 2617 842 2655 et
883 2610 920 2667 γ’
963 2625 1112 2655 versus
1150 2613 1380 2668 parallelos
1420 2613 1499 2656 hoc
1537 2615 1661 2658 modo

146 2680 364 2722 constituit
394 2680 630 2735 Bergkius:
